2925 5009
347 441 413 515 138
715 446 855 517 ExcU
864 448 997 517 RSUS
1022 448 1038 514 l

341 562 375 615 ita
385 561 527 635 exprimit:

482 663 581 726 Graslge
596 664 690 713 Wiesen
707 666 791 714 omlnes
802 666 847 715 mit
860 666 946 714 Violeu
961 663 1012 713 and
1027 664 1127 728 lippieh.

343 759 500 831 Lugendum
518 772 609 814 antem
626 780 684 816 esse
699 764 751 816 rios
762 764 782 817 1.
795 765 832 817 iso
841 775 901 835 post
912 764 1085 817 Ptolemaeum
1098 762 1253 835 Erergeteo
1267 760 1408 816 Eustathias

336 852 395 921 jam
406 848 611 916 animadvertit,
625 870 708 924 quum
719 871 853 926 nusquam
865 854 892 907 in
904 852 989 925 pratis
999 852 1076 907 riolas
1084 852 1261 923 proveniant.

376 938 548 992 Germaniam
568 958 633 995 vero
657 942 775 1013 pristinis
793 943 960 1015 temporibus
979 941 1096 996 carnisse
1113 942 1167 995 hoe
1184 940 1290 994 florum
1311 956 1408 1011 genae.

339 1038 481 1099 antequam
497 1028 579 1081 Conr.
598 1034 732 1084 Gesnerm
750 1050 784 1084 ex
803 1028 934 1085 Sahaodia
954 1030 1056 1103 primus
1074 1028 1101 1084 id
1121 1030 1150 1083 in
1175 1030 1275 1083 hortos
1298 1026 1409 1089 inferret¹

343 1114 429 1169 miror
440 1134 448 1167 s
463 1114 508 1169 sed
519 1116 578 1171 testi
590 1116 640 1192 ipsi
650 1118 772 1174 Gesnero
781 1118 946 1173 eredendum
956 1131 997 1172 est
1011 1118 1060 1187 (r).

440 1254 476 1308 11.
490 1258 619 1324 Διυιιιῖοι,
632 1258 793 1313 Cheimatlus
802 1278 896 1312 annuus
909 1270 935 1312 et
950 1256 1053 1311 (Μή)
1065 1258 1196 1311 [αι-οἱα
1208 1274 1325 1309 mu.

376 1368 525 1423 Plurimum
536 1371 647 1427 omnino
661 1372 789 1428 interesse
799 1372 870 1427 inter
883 1372 960 1445 prins
971 1372 1100 1426 violarum
1115 1389 1202 1443 genna
1213 1381 1243 1423 et
1256 1364 1410 1421 slhasriolas

341 1476 389 1511 seu
400 1458 510 1521 musta,
523 1458 610 1531 prisca
626 1460 680 1533 jam
697 1460 841 1535 antiquitas
854 1460 1005 1534 perspexit,
1023 1460 1129 1513 nnieam
1147 1458 1206 1512 fere
1219 1456 1410 1553 germanitatem

342 1564 463 1618 querens
478 1546 505 1599 in
522 1545 618 1602 florum
631 1548 730 1615 odore,
746 1549 806 1623 qni,
822 1548 989 1621 gratissimos
1000 1548 1028 1600 in
1046 1562 1164 1621 utroque
1174 1564 1297 1619 genae,
1310 1558 1410 1597 onum

342 1632 414 1687 idem
426 1636 481 1688 lere
494 1646 542 1690 est.
552 1636 679 1691 Protinus
691 1638 756 1692 dum
773 1663 785 1685 ι
794 1637 927 1710 diffugere
939 1636 1028 1703 nives,
1041 1654 1073 1688 ac
1084 1635 1152 1690 aeris
1165 1636 1259 1689 hiems
1270 1633 1353 1686 solnta
1363 1640 1410 1685 est.

345 1734 417 1792 grata
438 1724 507 1777 reris
521 1724 580 1778 viee
598 1738 625 1779 et
642 1725 762 1779 Favoni·
771 1726 905 1780 leneoinm
917 1724 1098 1787 efflorescere,
1107 1742 1209 1797 perque
1219 1734 1310 1777 totum
1319 1733 1410 1773 annun

344 1812 399 1863 lere
407 1811 521 1881 durare;
532 1812 566 1867 its
579 1814 657 1868 etiam
669 1812 804 1869 dilierrea
817 1814 894 1868 violis
902 1814 1032 1879 odoratis,
1051 1826 1082 1866 nt
1094 1812 1157 1866 lolia
1171 1823 1250 1887 gerat
1260 1808 1329 1865 oanli
1341 1804 1410 1859 ioht

341 1898 426 1951 rentia
436 1938 444 1963 ‚
456 1912 540 1972 utque
550 1900 661 1955 bulhoss
674 1902 787 1975 puden
799 1901 906 1963 radies,
919 1900 1123 1973 Theophrastus
1134 1910 1251 1953 testatur
1259 1899 1311 1963 (al-
1320 1890 1410 1947 Μὰ

341 1984 451 2039 odorem
474 1988 620 2061 preprimis
642 1990 800 2061 exponi13e
822 1989 971 2061 longinquo
991 1988 1127 2041 meliorem
1151 2006 1209 2041 esse
1227 1998 1256 2041 et
1275 1982 1408 2057 gentium

343 2093 422 2145 quam
439 2094 455 2128 e
474 2076 648 2151 propinquo,
667 2096 753 2151 quum
769 2078 892 2133 subtilior
914 2079 965 2145 sit,
984 2096 1072 2151 neque
1089 2094 1194 2131 serrare
1215 2076 1330 2131 odorem
1349 2070 1408 2123 ΙΝ

342 2160 440 2215 violam
459 2163 581 2218 siccatam
600 2170 654 2234 (3),
677 2166 752 2239 qnod
770 2166 872 2220 Plinius
895 2186 1005 2239 qnoque
1022 2166 1135 2238 repetit,
1153 2165 1257 2219 omisso
1276 2176 1361 2216 tameo
1378 2154 1407 2209 dt

339 2248 451 2304 bulhosn
469 2252 564 2305 leucoii
577 2252 668 2308 radice
685 2254 746 2307 loco
762 2255 803 2324 (4)
816 2272 824 2307 ι
837 2272 872 2308 ex
888 2272 944 2326 quo
961 2253 1108 2309 Salmasius
1126 2252 1223 2319 eflicit,
1243 2252 1406 2324 depravatum

340 2356 397 2391 esse
426 2338 503 2392 illum
531 2341 711 2415 Theophrasti
734 2342 842 2409 locum,
867 2360 951 2414 quum
974 2360 1038 2397 sere
1058 2340 1095 2395 de
1120 2340 1288 2395 eheinnthis
1318 2332 1405 2390 nutrit

342 2444 512 2499 nequaquam
533 2428 588 2482 dici
612 2431 709 2502 possit,
734 2430 845 2485 holbosa
867 2429 957 2485 radies
975 2428 1099 2505 gaudem.
1124 2430 1321 2484 Verumtamen
1341 2424 1405 2477 loeus

341 2514 385 2569 ille
405 2516 516 2571 hinnao
539 2517 683 2573 immortali
705 2518 871 2573 occasionem
898 2520 1044 2592 prebuisse
1067 2518 1193 2583 ridetur,
1217 2530 1249 2573 ut
1280 2516 1404 2590 manuus

341 2622 401 2675 quae
420 2622 505 2658 verno
527 2619 647 2679 tempore
669 2606 800 2681 primitias
822 2608 879 2661 fere
904 2608 970 2662 anni
992 2608 1063 2662 ferre
1086 2608 1172 2672 solet,
1192 2596 1404 2673 lesaoiassappd·

341 2690 419 2746 lnret.
438 2692 552 2749 Bulbosa
574 2696 645 2750 eninr
663 2693 739 2750 radix
754 2695 817 2748 hnic
834 2696 947 2750 omnino
968 2695 1111 2762 usuvenit,
1131 2711 1224 2769 nequ
1245 2708 1334 2749 tamen
1349 2685 1404 2740 «1⁶⁰

339 2794 432 2853 gratus
459 2782 533 2838 floris
559 2783 635 2847 odor,
657 2802 688 2838 ao
716 2786 827 2839 Veteres
854 2803 917 2839 eum
942 2784 1110 2839 describunt.
1134 2783 1206 2839 llioc
1229 2776 1403 2840 dubitandum.

342 2880 432 2923 utrum
454 2872 557 2926 λιυιιιῖιι
579 2872 759 2947 Theophrasti
780 2874 893 2927 unicum
918 2884 1022 2927 tantum
1041 2892 1126 2946 genos
1150 2876 1360 2929 amomum,
1375 2880 1403 2915 ⁸¹¹

340 2969 484 3031 utrumque
497 2970 522 3013 et
539 2962 749 3026 mehorationem,
762 2974 790 3015 et
802 2964 893 3015 leucoia·
908 2960 1049 3015 [innunt
1068 2960 1276 3033 complectatur.

375 3048 477 3102 Plinius
489 3048 599 3122 quidem
614 3062 708 3123 preter
717 3070 762 3113 ea,
777 3049 881 3123 qaande
895 3050 1003 3105 lenonio
1016 3070 1048 3104 ex
1060 3050 1248 3123 Theophrasto
1268 3052 1402 3102 mutuatu·

342 3136 485 3207 peculiaria
499 3138 624 3211 qondam
639 3136 674 3192 de
690 3138 767 3193 violis
783 3136 867 3193 addit.
884 3138 973 3193 Violse
986 3139 1054 3193 albae
1069 3140 1151 3192 vitam
1169 3138 1348 3211 longissimam
1362 3128 1400 3181 tri·

342 3236 416 3278 matu
438 3224 537 3289 hahet,
564 3228 598 3280 ah
627 3245 660 3281 eo
688 3238 810 3300 tempore
834 3226 998 3301 degenerare
1016 3229 1055 3295 (5)
1079 3245 1087 3281 ι
1108 3224 1182 3299 quod
1204 3240 1232 3282 et
1255 3218 1401 3282 Theoerllt‘

346 3314 523 3381 testator(li):

481 3403 529 3457 sat
541 3404 569 3457 sl
583 3404 618 3457 ta
628 3404 700 3457 sutis
713 3406 762 3458 tm
771 3405 795 3458 is
805 3404 880 3475 sirpe,
890 3404 933 3458 sai
941 3408 1004 3472 ταχὺ
1011 3408 1085 3477 γηρᾷ.

342 3517 446 3590 Species
469 3516 571 3572 Plinius
591 3516 742 3581 lutearum,
760 3517 858 3590 quihus
878 3517 949 3575 intes
965 3529 1033 3572 satas
1053 3516 1172 3572 maxima
1194 3518 1229 3571 sit
1255 3508 1396 3572 anundus.

371 3681 407 3743 (ι)
423 3682 519 3727 Gesner.
531 3682 598 3728 llort.
615 3683 724 3731 German.
739 3698 793 3745 pag.
807 3682 854 3731 neo
869 3683 922 3746 (fol.
931 3685 999 3732 liasil.
1011 3684 1089 3746 1561).

372 3759 407 3821 (a)
422 3758 540 3820 Theophr.
556 3760 615 3807 liist.
632 3760 707 3807 Plant.
723 3760 766 3807 lib.
776 3761 823 3813 vlt
839 3777 893 3823 cap.
912 3778 934 3822 7,
950 3778 1044 3826 p.129;
1061 3763 1102 3809 lib.
1112 3765 1171 3817 vn,
1188 3780 1239 3827 cap.
1251 3778 1280 3825 9.
1294 3778 1316 3823 p·
1329 3751 1373 3809 til·

371 3840 406 3901 (3)
422 3838 477 3900 Ejus
492 3840 571 3885 Causa.
585 3840 660 3887 Plant.
678 3840 720 3887 lib.
731 3841 777 3895 Vi,
794 3856 846 3903 eap.
858 3840 900 3898 23,
918 3858 972 3906 pag.
985 3842 1045 3904 37&
1063 3860 1117 3907 esp.
1130 3844 1174 3897 2⁵.
1190 3860 1215 3907 p.
1230 3844 1284 3890 381.

372 3920 407 3981 (4)
423 3918 473 3965 Lib.
488 3920 557 3974 xxi,
573 3935 624 3982 cap.
641 3936 662 3981 7,
679 3936 732 3983 pag.
746 3922 806 3983 ²³9»
822 3937 873 3985 esp.
889 3938 928 3979 ιι,
945 3938 999 3985 pag.
1017 3932 1073 3981 ιε(

371 3998 406 4057 (5)
424 3996 482 4044 ΡΙίιι.
497 3998 538 4045 lih.
557 4002 626 4053 xxi,
643 4016 693 4062 rap.
709 4016 744 4047 ιι.

376 4078 408 4139 ’6)
426 4078 461 4125 ld.
479 4080 570 4133 xxm,
588 4096 624 4141 ap.
