2925 5009
466 445 625 516 LIBER
651 445 813 518 xxvu.
1107 437 1176 514 835

145 551 323 650 XXXVI.
342 574 458 648 Galsa¹
488 577 632 648 duorum
662 601 822 673 generum
851 590 913 648 est.
954 579 1030 646 Una
1063 574 1208 645 similist

87 683 195 756 ποῖ
215 685 374 755 Nascitur
393 685 427 752 iu
453 685 665 755 arationibus.
689 683 866 779 Colligitur
887 667 1083 776 antequam³
1108 683 1175 750 ina-

88 807 236 878 rescat,
253 814 396 884 ususque
410 789 545 860 eosdem
560 791 679 876 habet,
699 815 784 887 quos
801 813 895 859 arum
905 779 927 858 ⁴.
943 789 1071 858 Bibitur
1090 811 1173 881 quo·

87 923 172 994 que
188 896 282 966 radix
299 897 399 990 liujus
416 897 458 966 ad
478 899 711 969 exinaniendas
724 897 832 980 alvos,
852 917 1045 990 mensesque
1058 893 1173 963 mulie·

88 1029 183 1074 rum
200 1028 209 1070 z
225 1005 304 1072 item
318 1002 421 1073 caulis
432 1027 510 1074 cum
519 1003 605 1074 foliis
615 1007 650 1073 in
659 1003 879 1100 leguminibus
896 1001 1069 1087 decoctus,
1081 1014 1174 1068 sanat

93 1126 296 1181 tenesmon.
735 1181 738 1186 ¹

158 1217 339 1286 XXXVII.
360 1213 510 1285 Alterum
530 1216 651 1312 genus¹
673 1217 744 1311 ejus
766 1213 900 1310 quidam
921 1213 1100 1283 anchusam
1118 1235 1173 1282 vo
1193 1245 1205 1279 ι

90 1337 202 1411 caut,
228 1321 283 1390 alii
309 1320 545 1392 rhinochisiam
553 1321 575 1392 ².
614 1322 706 1394 Folia
731 1307 891 1392 lactucae³
915 1319 1083 1415 longiora,
1106 1318 1175 1414 plu·

90 1455 200 1501 mosa
208 1416 233 1517 ⁴,
241 1427 353 1498 radice
362 1427 480 1516 rubra,
489 1455 563 1524 quae
576 1431 670 1526 ignes
678 1413 810 1500 sacros⁵
827 1451 903 1497 curn
919 1412 1019 1496 llore⁶
1033 1425 1175 1521 polentae

90 1573 231 1636 fimum,
246 1571 378 1640 lupatum.
393 1567 508 1635 Quidam
529 1590 616 1625 cassu-
662 1591 721 1643 cap.
741 1589 777 1640 9²
794 1581 820 1622 et
841 1577 892 1637 943
914 1567 1083 1622 consentiunt
1102 1580 1173 1621 certe

95 1652 182 1706 tham
206 1663 324 1704 nostram
349 1667 405 1702 esse
429 1662 525 1720 putant
545 1671 553 1704 =
571 1652 617 1705 alii
661 1653 789 1716 virtutes,
814 1667 879 1720 quas
904 1647 1002 1704 Noster
1027 1648 1101 1700 calta
1125 1647 1172 1700 tri·

92 1728 299 1801 leontopodion
329 1727 363 1782 ad
387 1731 514 1784 amatoria
543 1732 615 1786 utile.
660 1731 730 1785 buit.
745 1733 796 1784 En.

94 1809 249 1864 Marcellus
265 1805 337 1879 apud
353 1808 536 1863 Dioscorident
552 1811 618 1863 scri·
703 1809 730 1863 3.
753 1811 890 1880 Antequam
910 1809 1036 1858 inarescat.
1058 1803 1090 1856 In
1107 1823 1171 1870 aro,

95 1891 148 1945 bit
169 1891 199 1942 in
221 1889 330 1959 optimis
347 1889 438 1958 grecis
464 1889 616 1955 codicibus,
661 1901 692 1943 ut
713 1887 868 1960 tempestiue
893 1885 1042 1956 colligatur,
1066 1883 1171 1954 signum
1266 1895 1279 1916 ·

96 1987 173 2043 quos
183 1970 210 2021 in
223 1980 352 2038 potestate
363 1967 469 2033 habuit,
481 1985 509 2024 et
519 1971 547 2022 in
557 1971 615 2023 Lat.
660 1968 819 2022 maturitatis
838 1977 876 2018 cst
896 1967 929 2018 ab
948 1966 1003 2017 imo
1019 1965 1114 2017 lolium
1131 1963 1172 2017 in·

95 2050 206 2120 scripto
217 2048 312 2100 litteris
323 2046 523 2116 Longobnrdis,
537 2049 615 2119 capiti
660 2065 797 2114 arescens,
816 2046 863 2099 lib.
882 2045 964 2113 XIX,
976 2063 1033 2116 cap.
1050 2045 1064 2098 5
1084 2043 1170 2097 ultim.

96 2130 138 2183 de
151 2125 339 2198 Leontopodio
352 2127 492 2197 praefixum
508 2129 617 2181 titulum
661 2127 762 2180 Danao.

98 2209 187 2262 fuisse
210 2206 244 2258 de
265 2206 361 2260 Cerno:
380 2219 409 2258 ut
430 2205 496 2259 inde
515 2221 618 2263 constet
702 2214 728 2271 4.
753 2205 820 2274 Quos
845 2223 923 2256 arum.
954 2201 1030 2256 MSS.
1061 2221 1171 2268 omnes,

97 2306 202 2342 cernon
212 2285 292 2338 Plinii
303 2303 359 2338 esse
369 2285 533 2340 Dioscoridis
544 2288 619 2340 leon·
663 2313 675 2335 ι
687 2303 755 2358 quos
767 2303 831 2338 arsa.
846 2310 857 2331 ι
875 2283 964 2350 Forte,
974 2309 985 2330 ι
998 2301 1065 2356 quos
1074 2282 1140 2347 aria,
1155 2307 1166 2328 ι

99 2365 256 2439 topodion3
272 2366 446 2436 leontopodion
458 2385 522 2419 vero
536 2367 617 2420 Plinii
661 2367 721 2431 vel,
739 2391 750 2415 ι
769 2383 835 2438 quos
857 2363 998 2428 arisnrum,
1009 2389 1021 2411 ·
1041 2359 1075 2415 de
1096 2381 1171 2434 quo,

100 2448 224 2500 multum
241 2443 392 2517 discrepare
411 2465 426 2497 a
442 2446 617 2518 leontopodio
661 2445 765 2511 XXIV,
781 2449 828 2515 94.
843 2443 934 2496 Hnnn.

100 2528 197 2580 Dicae.
216 2524 290 2595 quud
311 2523 455 2579 ostendunt
477 2527 617 2599 utriusque
701 2522 1172 2594 XXXV11.1.Alterumgcnns.An·

100 2607 177 2659 vires
189 2605 299 2657 collatas.
312 2605 414 2658 Dnuuc.
661 2605 743 2658 chuss
759 2605 814 2658 hec
827 2605 903 2676 prior
917 2603 1038 2657 Dioscor.
1050 2603 1100 2666 IV,
1112 2617 1170 2672 cap.

148 2685 320 2737 XXXV1.1.
339 2684 616 2750 Celsadnorum,etc.
662 2685 707 2738 23.
733 2683 767 2736 H.
784 2715 823 2726 —
844 2682 928 2735 Nobis
952 2683 1067 2737 Anclsnsu
1088 2682 1171 2733 italico

101 2766 196 2836 Lego,
220 2789 232 2810 ·
254 2763 332 2816 calix
356 2761 471 2817 duorum
490 2783 617 2836 generum
660 2757 794 2832 (Pentund.
810 2781 879 2815 naono
912 2781 936 2814 n.
950 2781 1009 2834 gen.
1025 2761 1079 2815 353
1098 2761 1171 2814 Pers.

102 2857 156 2910 est,
163 2842 322 2901 etc.·Calica
329 2843 432 2896 Plinius
441 2845 539 2897 alicubi
551 2845 619 2917 lege·
661 2845 792 2913 Bonugin.
807 2843 823 2892 J
826 2859 876 2894 uss.
894 2883 900 2894 .
912 2839 1019 2895 Habitat
1032 2842 1060 2894 in
1073 2839 1172 2912 campis

103 2937 149 2977 rat
165 2925 240 2987 aria,
253 2923 310 2975 sive
327 2922 445 2976 arisai-on
464 2926 556 2978 vocari
569 2943 575 2977 :
589 2937 618 2977 et
660 2921 933 2993 meridionEuropae.
943 2913 1172 2986 conlunxxlt,

103 3004 233 3076 quoniam
246 3003 360 3054 anchusa
372 3021 482 3074 quoque
493 3005 561 3056 calix
574 3002 616 3056 di·
661 3023 718 3076 cap.
736 3004 784 3058 23.
795 3002 847 3054 Eu.

103 3085 187 3148 citur,
207 3082 295 3135 calicis
316 3080 371 3134 duo
394 3099 490 3153 genera
515 3083 617 3136 Plinius
702 3103 726 3136 s.
750 3083 807 3135 Alii
825 3080 1000 3132 riinoclrisinm.
1017 3078 1061 3133 Sic
1079 3077 1169 3134 index.

103 3163 206 3217 statuit.
223 3161 339 3214 Calicem
353 3163 472 3214 arisaron
493 3175 616 3216 vocatum
661 3164 768 3242 Atlleg.
782 3181 806 3227 r,
817 3161 868 3213 hoc
880 3159 954 3226 loco,
967 3160 1169 3212 rln'noclinosiam.

104 3243 187 3297 fuine
203 3243 326 3303 arbitror,
346 3240 420 3312 quod
439 3244 495 3313 ejus
514 3243 616 3297 fructus
660 3243 724 3313 neg.
748 3255 779 3306 π’,
802 3241 928 3294 rinadium.
952 3237 1031 3293 Forte
1051 3240 1171 3292 onocleam

101 3323 187 3377 calice
214 3323 391 3375 convolvatur
421 3323 615 3377 membranoso.
659 3322 758 3376 metius
768 3322 837 3392 legas
850 3337 883 3373 cx
895 3317 1050 3372 Dioscoride
1061 3318 1112 3372 loc.
1125 3321 1171 3373 cit.

104 3403 177 3455 Dar..
191 3431 230 3444 -
246 3401 329 3454 cotta
349 3399 394 3453 Sic
412 3401 490 3455 MSS.
508 3420 616 3469 omnes,
658 3390 791 3473 Ᾰγχουσα,
807 3402 835 3458 ἣν
848 3401 903 3452 intur
918 3400 1025 3466 κάλυκα,
1044 3401 1065 3452 sl
1081 3396 1110 3453 dl
1124 3401 1173 3454 tvt-

105 3495 165 3536 tum
177 3480 315 3544 hocloco,
327 3492 384 3533 tum
394 3480 422 3532 in
437 3479 529 3535 Indice
541 3499 549 3535 :
560 3501 615 3536 non
660 3489 740 3535 κλιιαν
754 3484 870 3544 καλοῦσι,
881 3489 931 3532 etc.
943 3479 1034 3532 Hnttn.

108 3561 197 3626 cata,
210 3572 240 3613 ut
254 3559 334 3630 vulgo
350 3558 423 3613 editi.
434 3559 525 3612 Haeo.
701 3560 727 3615 3.
744 3561 817 3614 Folia
830 3560 938 3610 lactuca.
949 3557 1074 3612 Totidem
1084 3559 1173 3613 verbis

148 3659 174 3693 s.
194 3641 250 3692 Una
266 3640 350 3692 similis
362 3659 413 3691 aro.
428 3640 485 3693 Nec
501 3641 614 3695 similem
661 3640 750 3695 Diosc.
768 3641 818 3693 loc.
834 3639 878 3691 cit.
892 3635 983 3692 Haao.

104 3718 205 3784 modo,
224 3718 271 3772 sed
283 3732 311 3772 et
323 3718 456 3791 geminam
468 3739 577 3791 prorsus
590 3735 618 3776 et
703 3727 730 3784 i.
744 3719 865 3772 Plnnosu.
877 3715 997 3782 Hirsuta,
1008 3714 1099 3772 dacis.
1109 3719 1174 3772 Dio·

105 3799 227 3853 eamdem
245 3812 322 3870 puto.
343 3801 377 3852 H.
393 3829 432 3846 -
450 3800 535 3853 Nobis
552 3801 616 3855 item
660 3819 732 3854 scor.
748 3797 842 3852 liano.

103 3877 453 3933 videtureademessecum
462 3880 614 3942 Amitalico,
703 3879 728 3934 5.
750 3879 813 3949 Qun
828 3882 894 3949 ignes
908 3897 997 3931 sacros.
1012 3877 1101 3932 Diosc.
1119 3879 1171 3932 loc.

106 3960 149 4012 vel
169 3961 226 4013 Ano
245 3961 348 4012 Arisnro
369 3952 485 4025 (Monac.
499 3961 545 4030 pol
558 3962 614 4014 and.
661 3949 887 4031 citdpuesnllcrc
898 3953 927 4011 dl
938 3959 980 4012 ain
992 3959 1083 4032 ἀλφίτῳ
1095 3979 1175 4013 κατα-

105 4057 166 4109 geu.
187 4045 261 4104 arti
274 4040 347 4092 Pers.
364 4039 452 4092 Arois.
466 3981 568 4105 Jussl,
582 4039 617 4093 de
660 4042 799 4093 ctesicles
815 4039 948 4111 lupentin-
963 4039 1053 4094 Hanc.

107 4119 206 4190 quibes
226 4120 280 4189 jam
299 4117 417 4173 diximus
439 4117 488 4173 lib.
511 4119 615 4182 mv,
702 4123 728 4174 6.
753 4117 823 4172 Flore
841 4120 964 4188 polenta,
978 4132 1026 4175 etc.
1047 4117 1176 4174 Constan-
