2925 5009
298 459 370 550 8474
560 465 600 534 C.
628 465 800 536 PLlNll
826 465 933 534 NAT.
960 467 1093 534 HlST.

295 597 516 692 limibusque,
534 597 616 667 llore
629 598 773 668 candido
793 599 951 668 sambuci.
976 597 1091 668 Edunt
1109 595 1294 668 cauliculos
1308 597 1364 668 de-

295 719 418 774 c'octos.
437 691 588 774 Semiue³
607 727 688 773 vcro
708 705 780 798 ejus
803 731 865 800 pro
885 708 998 800 pipere
1014 717 1165 774 utuntur.

264 844 274 877 ι
350 815 387 880 L.
410 808 554 879 Elatine'
575 809 652 880 lolia
673 811 775 880 babet
793 811 952 894 helxine,
981 808 1118 905 pusilla,
1146 809 1293 905 pilosa¹,
1316 835 1365 878 ro·

296 917 415 996 tundo,
438 917 690 1011 semipedalibus
710 917 847 988 ramulis
863 920 971 1011 quinis
984 919 1115 986 senisve
1133 939 1153 984 a
1174 917 1289 986 radice
1304 931 1364 984 sta-

295 1008 354 1091 tim
378 1022 511 1093 foliosis.
535 1023 692 1092 Nascitur
714 1025 747 1092 in
766 1009 952 1118 segetibus³
967 1023 1085 1092 acerba
1100 1037 1224 1116 gustu,
1242 1038 1278 1090 et
1296 1023 1366 1091 ideo

294 1129 468 1198 oculorum
491 1130 690 1199 fluxionibus
709 1129 844 1216 efficax,
868 1128 954 1199 foliis
972 1153 1047 1198 cum
1070 1126 1207 1224 polenta
1229 1131 1317 1198 tritis
1337 1143 1367 1195 et

295 1237 472 1331 impositis,
491 1235 625 1304 subdito
644 1234 789 1306 linteolo.
805 1235 930 1306 Eadem
948 1261 1024 1308 cum
1047 1233 1105 1303 lini
1126 1235 1257 1304 semine
1275 1249 1368 1304 cocta

294 1342 483 1411 sorbitionis
497 1365 558 1410 usu
576 1341 761 1436 dysenteria
784 1340 910 1411 liberat.

262 1475 272 1508 ι
346 1450 402 1516 Ll.
426 1447 634 1542 Empetros¹‚
647 1473 746 1542 quarn
762 1450 866 1518 nostri
885 1445 1095 1541 calcifragam
1112 1451 1369 1532 vocant‚uasci-

294 1556 405 1622 turin
427 1554 597 1623 montibus
621 1556 814 1638 maritimis,
840 1553 909 1622 lere
936 1557 970 1620 in
994 1577 1073 1624 saxo
1097 1581 1105 1622 τ
1131 1579 1203 1648 quo
1228 1553 1367 1649 propius

294 1662 377 1728 mari
396 1659 510 1745 luerit,
526 1657 656 1729 minus²
682 1659 766 1730 salsa
787 1673 864 1729 est:
889 1673 1034 1755 potaque
1061 1659 1159 1728 bilem
1183 1661 1308 1742 trabit,
1330 1683 1368 1728 ac

294 1767 427 1860 pituitas
446 1793 454 1833 ε
477 1789 545 1859 quo
559 1765 688 1859 longius
706 1767 878 1860 magisque
893 1780 1041 1852 terrena,
1053 1767 1200 1835 amarior
1215 1768 1362 1836 sentitur.

290 1858 427 1940 Trahit³
455 1877 587 1965 aquam.
613 1873 765 1940 Sumitur
793 1885 904 1941 autem
938 1871 971 1938 in
996 1873 1071 1964 jure
1093 1871 1226 1966 aliquo,
1250 1887 1309 1940 aut
1334 1873 1364 1938 in

333 2061 359 2116 3.
369 2059 471 2116 Seniue.
485 2059 625 2133 Hodieque
634 2061 736 2134 piperis
746 2061 805 2116 loco
848 2063 923 2133 ¹queri
938 2061 1160 2134 perloripetrarn,
1178 2060 1257 2132 quod
1274 2059 1365 2114 mediis

290 2141 450 2194 rusticorum
462 2139 538 2193 cibos
548 2141 649 2194 condit.
664 2143 756 2194 Herm.
848 2154 973 2214 erumpat
985 2141 1060 2194 sexis.
1073 2140 1153 2193 Multi
1169 2141 1305 2194 marinam
1317 2142 1365 2194 cri-

331 2221 364 2272 t..
392 2239 415 2273 1.
438 2220 546 2272 Elatiae.
566 2219 692 2273 Totidem
717 2220 806 2274 verbis
848 2233 935 2285 stam,
951 2219 1025 2294 quod
1042 2222 1175 2273 montium
1187 2223 1255 2292 juga
1272 2234 1364 2273 eteoo·

291 2299 439 2364 Diosc.lV‚
451 2304 486 2362 rio
497 2319 504 2351 t
517 2289 622 2356 bestia
632 2298 717 2372 sipla
727 2304 805 2368 φύλλα
849 2300 976 2372 pulorunr
992 2299 1188 2372 crepidinem
1199 2301 1305 2356 vestitu
1315 2301 1364 2354 cri·

290 2381 340 2447 ἔχει
356 2381 429 2449 ὅμοια
442 2383 474 2446 τῇ
489 2379 582 2447 litim,
595 2391 647 2432 etc.
660 2381 707 2433 Eat
718 2381 806 2434 Vero·
848 2391 962 2433 utentur.
979 2381 1060 2433 Aceto
1072 2378 1105 2432 ad
1118 2380 1310 2452 sesquiannum
1323 2399 1363 2433 us·

290 2461 348 2511 nica
370 2458 467 2510 lomina
486 2458 609 2523 Fucbsii‚
636 2456 805 2514 delineata'a
848 2477 901 2530 que
914 2458 988 2513 cadis
999 2471 1129 2524 servatur,
1140 2458 1173 2512 ad
1185 2463 1363 2514 austeriorum

293 2537 445 2597 Dodooaeo,
458 2557 485 2609 p.
505 2543 559 2604 4²3
577 2537 632 2590 vira
651 2557 665 2590 11
681 2539 761 2592 nobis
776 2539 805 2592 in
848 2545 920 2594 usus.
936 2537 969 2594 ll.
982 2571 1020 2582 -
1032 2541 1167 2610 Empetms.
1180 2540 1270 2594 Gron.
1281 2553 1308 2593 et
1323 2542 1362 2594 dl

291 2619 368 2671 lrorto
384 2619 473 2689 llcgio.
494 2617 529 2670 ll.
547 2651 585 2659 —
605 2618 712 2672 Elatiae.
730 2620 805 2672 Brot.
847 2631 977 2690 empetron.
995 2649 1035 2660 ·-
1050 2619 1208 2673 Fcuierrlurn
1227 2621 1362 2674 marinum

291 2711 329 2750 est
345 2699 451 2750 Linaria
467 2709 601 2767 segetum,
618 2699 805 2754 nummularis
848 2697 928 2752 nobis
945 2711 985 2752 est
1001 2699 1136 2752 cartam
1149 2705 1315 2760 nomiman,
1331 2699 1363 2752 de

291 2777 358 2830 lolio
383 2776 492 2840 villoso,
517 2775 695 2831 Tournelort.
720 2779 805 2833 Nobis
847 2795 901 2848 quo
916 2777 981 2831 alias
995 2779 1107 2849 egimus.
1121 2779 1265 2851 Etnpetros
1286 2799 1361 2842 vcro,

289 2875 355 2909 uero
365 2857 531 2908 Antirrhium
540 2860 645 2926 spurium
654 2849 801 2927 (Didynam.
847 2869 913 2910 teste
928 2855 1097 2929 Sprengeli0‚
1118 2871 1157 2912 est
1175 2857 1277 2912 Sabota
1294 2861 1362 2931 polr-

291 2943 450 3007 angr'ospern.
468 2952 528 3006 gen.
544 2937 618 2998 1463
638 2936 710 2989 Pers.
729 2935 805 2990 Scro-
846 2938 928 2988 cleros
947 2933 1089 2999 (Pentand.
1108 2938 1194 3010 digyu.
1216 2957 1278 3009 gen.
1305 2943 1359 3008 ⁶⁵9

287 3017 387 3087 pluerint.
414 3012 505 3077 lues).
533 3015 642 3068 Habitat
670 3015 698 3068 in
723 3018 802 3072 artis.
845 3016 918 3069 Pers.
936 3019 1079 3086 Atriplirirt.
1095 3008 1185 3086 dum).
1206 3017 1316 3073 Habitat
1333 3020 1359 3071 in

291 3097 370 3149 Cool.
393 3095 530 3166 Sprcngel.
555 3095 624 3148 Hist.
649 3095 697 3149 llei
724 3097 799 3150 berb.
845 3091 979 3166 Hispaniae
991 3107 1019 3150 et
1033 3097 1128 3150 sicilia
1141 3099 1294 3153 maritimis.
1309 3099 1358 3151 En.

291 3189 357 3230 tom.
373 3177 387 3228 1
393 3215 400 3239 ‚
417 3192 474 3246 pag.
496 3177 560 3229 181.
574 3173 627 3228 Eo.
888 3195 913 3229 a.
937 3175 1020 3228 Minus
1041 3177 1106 3228 salsa
1127 3189 1171 3230 est.
1192 3177 1281 3248 Magis
1298 3179 1359 3231 salsa

333 3277 359 3309 1.
388 3255 480 3306 Pilosa.
506 3257 606 3321 Auris,
636 3252 709 3326 quod
736 3254 804 3310 verti
845 3265 891 3308 ert.
905 3253 995 3308 Dioac.
1008 3255 1086 3309 Hauc
1096 3254 1224 3310 describit
1237 3258 1360 3328 Aloysins

292 3337 369 3390 ctiam
386 3343 472 3404 potest
486 3333 568 3396 densa.
584 3334 688 3387 Dauo.
845 3334 873 3386 iu
887 3333 991 3388 Grecis
1000 3335 1091 3390 risam.
1102 3336 1315 3390 Dm-Mriras.
1327 3337 1359 3390 Et

333 3414 359 3469 3.
383 3415 499 3468 Nascitur
518 3416 543 3466 ia
563 3413 691 3484 segetibus.
713 3414 801 3468 Diosc.
845 3431 900 3484 quo
924 3425 1001 3468 terrae
1018 3416 1143 3486 propius,
1169 3416 1254 3488 magis
1279 3418 1359 3484 salsa,

291 3495 342 3548 loc.
360 3495 405 3548 cit.
425 3490 518 3546 eadem
540 3493 619 3563 plane
634 3489 729 3559 tradit,
746 3506 802 3546 tum
844 3492 898 3546 sire
910 3511 1007 3548 amara.
1019 3497 1053 3549 Τὸ
1065 3490 1095 3547 tt
1110 3499 1310 3568 προσγειότιρον,
1320 3518 1359 3550 rn-

291 3573 326 3626 de
350 3572 431 3627 nartali
458 3571 531 3636 solo,
560 3585 616 3626 tum
643 3570 678 3626 dc
702 3571 803 3628 viribus
844 3573 962 3642 xpdrrpm.
973 3573 1061 3638 Quem
1073 3574 1163 3627 locum
1174 3575 1357 3630 Saracennset

290 3654 408 3708 elatines.
423 3651 515 3704 Hann.
845 3653 1031 3724 Delecampius
1043 3673 1128 3724 quum
1141 3653 1216 3708 haud
1230 3657 1356 3710 11111111ιί-

330 3735 376 3786 Ll.
394 3753 416 3786 1.
433 3727 702 3800 benemerentem
713 3734 803 3786 verbis
844 3730 1050 3798 medicamini,
1066 3733 1155 3787 Plinio
1172 3748 1273 3789 temere
1285 3737 1355 3790 litem

291 3813 379 3866 Diosc.
392 3813 443 3874 tv,
458 3811 507 3864 181
523 3799 682 3882 εὲμπιτρον,
694 3824 744 3865 etc.
756 3812 803 3866 Fe·
844 3811 1095 3868 murmurillum

289 3892 410 3945 nieulum
437 3891 568 3944 marinum
593 3887 675 3943 hodie
696 3905 801 3946 vocant.
885 3890 911 3944 3.
932 3893 1020 3944 Tradit
1038 3913 1136 3964 aquarn.
1159 3895 1283 3964 Aquoeos
1304 3896 1352 3948 bu·

289 3971 459 4033 Dodonaeas,
476 3988 503 4041 p.
524 3967 598 4039 693,
617 3969 730 4024 crctbmi
747 3989 802 4026 ma-
843 3987 932 4024 mores
949 3972 1103 4041 ρει-11111111
1124 3971 1244 4027 deducit.
1266 3975 1354 4028 Diues.

288 4053 342 4104 riui
362 4051 471 4104 nomine
489 4048 626 4102 delineat:
644 4049 742 4116 Gallis,
759 4051 802 4104 ba-
843 4049 894 4102 lou.
917 4051 961 4103 cit.
988 4049 1119 4122 urdo'pom
1140 4049 1171 4106 di
1197 4055 1222 4106 la
1244 4055 1352 4126 (cipuli

287 4132 357 4193 cille,
378 4131 477 4198 fenori!
496 4132 589 4194 maria,
610 4136 800 4202 pem-pierre,
841 4125 983 4200 bdpopilsrr
1001 4133 1109 4203 καθαίρει
1125 4131 1223 4204 φὶἰγμα
1235 4135 1277 4188 real
1290 4130 1351 4187 lida·
