2925 5009
475 417 635 488 LIBER
661 416 824 487 XXVII.
903 477 906 488 .

1118 417 1183 516 871

116 577 196 624 uam
212 551 312 638 ciem,
319 551 577 622 rheumatismos
595 549 754 620 cohibent
771 576 779 619 :
798 549 894 648 quisi
908 549 976 618 non
991 550 1102 637 fuere,
1119 577 1188 624 non

29 693 45 710 ·
117 671 270 755 prosunt
304 643 509 726 Stomachi¹⁶
534 657 658 726 fervori
691 657 772 726 lolia
803 659 1046 750 imponuntur:
1072 661 1222 732 vesicas

119 765 228 835 dolori
252 763 436 850 illinuntur,
452 763 520 834 et¹⁷
540 763 670 859 ignibus
692 765 804 832 sacris.
823 751 980 832 Succus¹⁸
1002 779 1035 833 et
1052 766 1188 835 auribus

121 870 306 966 purulentis
325 869 519 955 instillatur,
539 886 573 938 et
591 868 766 938 oculorum
781 870 919 938 dolori'⁹
937 895 997 964 per
1012 895 1055 940 se.
1078 873 1188 940 Daba-

121 980 204 1047 tur¹⁰
239 991 273 1046 et
298 978 333 1044 in
358 977 505 1044 febribus
528 992 606 1044 ante
626 979 830 1046 accessiones
853 977 985 1044 duobus
1007 978 1133 1072 cyathis
1157 979 1189 1046 in

117 1084 284 1166 tertianis,
304 1085 539 1176 quartanisque
557 1084 744 1176 precipue:
765 1083 842 1150 item
859 1081 1050 1169 cholericis,
1072 1083 1189 1176 dysens

116 1190 229 1258 tericis
239 1186 276 1275 ²¹,
292 1203 327 1256 et
347 1191 381 1256 in
401 1188 565 1257 solutione
582 1188 754 1256 stomachi.
770 1185 951 1256 Tertium²²
965 1213 1068 1282 genus
1087 1215 1190 1258 oreon

119 1309 278 1379 vocatur,
293 1296 327 1362 in
337 1295 505 1363 montibus
515 1317 673 1380 nascens,
688 1294 842 1362 arundini
857 1310 976 1362 tenerae
991 1294 1112 1376 simile,
1123 1321 1190 1365 uno
1255 1337 1259 1346 ·

116 1399 348 1484 cattle,densis
358 1400 516 1494 geniculis
531 1415 566 1468 et
579 1403 613 1468 in
628 1425 663 1468 se
675 1399 789 1468 fractis
799 1389 833 1480 ²³,
851 1399 936 1468 soliis
950 1416 1059 1470 autern
1073 1404 1190 1495 piceas,

118 1507 239 1575 radicis
249 1531 481 1600 supervacuae,
494 1506 699 1575 inefficacius
710 1530 809 1599 quam
826 1509 1007 1600 superiora.
1024 1507 1190 1576 l’eculiare

117 1612 314 1682 ischiadicis.
343 1605 544 1700 Quartam²l
567 1638 672 1706 genos
693 1611 843 1681 silvestre
874 1612 1076 1706 appellatur,
1098 1637 1190 1706 paene
1209 1601 1234 1686 t¹

119 1719 249 1787 arhoris
261 1717 362 1786 modo
377 1719 505 1804 frutex,
522 1719 634 1786 radice
648 1717 796 1812 lignosa,
816 1721 918 1813 stirpe
932 1718 1022 1787 cedri
1037 1719 1192 1788 rubicun-

116 1933 160 1970 τοι
174 1913 264 1968 Diosc.
280 1913 389 1976 tribuit,
405 1914 457 1966 loc.
476 1913 523 1966 cit.
540 1912 631 1965 Haeo.

161 2001 204 2049 16.
219 1993 349 2046 Stoma-ta.
367 1993 457 2044 Diosc.
472 1993 490 2044 l.
502 2011 525 2045 c.
540 1991 630 2045 Hann.

162 2092 206 2143 17.
221 2075 265 2125 Et.
279 2077 342 2144 Πρὸς
355 2074 527 2141 ἱρυσιπίλατα.
541 2073 630 2124 Diosc.

118 2155 138 2205 Ι.
154 2173 178 2206 c.
195 2151 286 2203 ttrau.

163 2233 207 2286 18.
224 2231 321 2282 Saccus.
342 2229 424 2282 lllarc.
447 2230 527 2300 Emp.
544 2247 568 2282 c.
587 2246 630 2286 11.

118 2332 147 2384 p.
166 2311 202 2380 75
225 2323 252 2363 et
269 2313 313 2364 80.
331 2310 477 2379 Apuleius,
501 2329 524 2362 c.
542 2327 631 2374 xvrrr,

119 2393 162 2445 tit.
184 2391 200 2445 5
220 2408 228 2444 :
255 2389 325 2442 -sd
346 2391 456 2442 aurium
484 2388 629 2441 dolorem:

118 2472 216 2524 Herbe
245 2469 439 2541 proserpinaca
469 2487 564 2522 succus
593 2481 632 2521 te·

118 2551 257 2624 peltatas,
287 2563 315 2602 et
341 2550 452 2601 auribus
474 2549 632 2612 instillatus,

119 2631 233 2682 mirilico
250 2627 371 2680 dolorem
397 2628 474 2679 tollit.
499 2627 555 2678 Nos
580 2627 632 2694 ipsi

119 2709 223 2780 experti
245 2725 343 2761 santus.
363 2707 484 2778 Tamque
507 2718 633 2776 potenter

119 2789 240 2860 prolicit,
256 2801 286 2841 at
303 2800 330 2840 et
345 2787 452 2839 hulcera
464 2805 573 2856 qnoque
583 2805 632 2838 nn·

119 2869 188 2920 rium
202 2881 284 2920 sanet.
301 2893 312 2914 ι
327 2867 371 2919 Sic
382 2867 463 2920 etiam
476 2866 565 2918 Diosc.
579 2866 631 2918 loc.

120 2947 164 3000 eit.
178 2947 269 2998 litun.

164 3045 207 3096 ¹9.
221 3027 244 3077 Ε
248 3038 257 3075 t
265 3026 385 3077 oculorum
394 3023 482 3077 doleri.
490 3023 571 3094 Apul.
578 3024 597 3077 l.
607 3043 632 3078 c.

120 3118 141 3160 t·
157 3111 184 3170 4.
199 3103 293 3159 Hane.

162 3204 203 3237 ao.
221 3183 343 3236 Debetur.
353 3183 505 3236 Diosc.l.c.
514 3195 541 3235 et
550 3182 634 3254 Apul.

120 3267 139 3317 l.
152 3283 178 3318 c.
192 3276 240 3333 t.7
256 3281 263 3317 τ
278 3290 289 3312 ι
305 3261 350 3314 Ad
361 3275 509 3331 quartanas.
525 3288 538 3309 ι
558 3264 591 3314 ll.

160 3345 269 3397 anilem
276 3344 406 3401 cholericis,
415 3343 576 3413 dysentericis,
581 3354 632 3395 elo.

124 3423 213 3476 Diosc.
226 3423 244 3474 l.
260 3441 284 3476 c.
297 3422 390 3475 Hsno.

162 3521 207 3555 aa.
223 3503 338 3554 Tertium.
352 3492 452 3570 (ipsios,
466 3513 636 3555 montanum.

121 3582 280 3652 Polygonon
294 3581 393 3633 lomina
411 3578 561 3633 Dioscorid.
578 3593 634 3644 est,

121 3661 173 3726 IV,
187 3664 213 3713 5.
229 3661 319 3713 liano.

165 3742 209 3794 ²3.
227 3742 265 3793 Et
276 3744 303 3792 in
319 3760 345 3792 se
357 3740 466 3806 sraelis,
479 3738 567 3805 filiis,
585 3749 636 3790 etc.

122 3821 154 3871 ln
168 3821 232 3890 lieg.
251 3841 285 3884 a,
309 3845 321 3868 ι
337 3820 409 3872 etin
427 3837 455 3872 se
472 3818 601 3870 infractis.
621 3841 633 3864 2

122 3899 215 3952 Genus
223 3901 274 3952 hoc
285 3899 413 3969 polygoni
425 3916 486 3950 curn
501 3898 636 3968 polygono

122 3979 222 4032 femiae
237 3977 401 4034 Dioscoridis
414 3978 552 4047 congruit,
568 3995 636 4046 pre·

675 1926 863 1977 montuosum,
881 1912 1066 1977 Dioscorides,
1090 1915 1193 1968 eaeteri-

676 2011 727 2062 qne
741 1993 873 2057 herbarii,
888 2005 913 2044 et
928 1994 956 2045 in
968 1994 1009 2045 his
1022 1991 1192 2060 Dodonae,

676 2090 690 2124 s
715 2090 769 2141 quo
795 2072 953 2136 delineatur,
975 2091 1002 2142 p.
1025 2074 1097 2134 113,
1114 2075 1204 2143 quale·

676 2150 794 2204 vidimus
807 2153 835 2204 iu
854 2152 933 2204 horto
948 2153 1045 2222 hegio,
1058 2171 1191 2223 aquosum

676 2249 732 2282 esse
749 2233 850 2284 volunt.
863 2230 915 2284 Sed
928 2251 1041 2302 aquosos
1051 2234 1131 2286 colles
1141 2233 1192 2286 Pli-

675 2310 736 2362 nius
756 2309 828 2362 haud
848 2309 929 2362 duhie
950 2312 1097 2374 intellexit,
1111 2330 1192 2382 quem

676 2390 756 2441 situm
772 2389 877 2458 potorio
890 2409 997 2459 quoque
1014 2410 1036 2444 c.
1053 2409 1098 2460 97,
1116 2390 1192 2460 adju-

675 2467 756 2522 dicat.
768 2471 806 2520 Ex
820 2469 990 2522 Dioscorides
1000 2491 1081 2542 porro
1093 2469 1192 2524 descri-

675 2550 768 2618 ptione
787 2549 856 2600 ellici
880 2549 907 2602 id
927 2548 1007 2602 modo
1025 2551 1052 2602 in
1069 2569 1125 2602 rein
1142 2571 1191 2603 no·

675 2641 757 2680 stram
774 2627 879 2680 ridetur
900 2627 1039 2682 commode
1055 2647 1147 2700 posse,
1162 2643 1191 2684 ut

675 2725 731 2758 non
747 2732 758 2754 ι
776 2707 803 2758 in
823 2725 850 2760 se
869 2709 996 2772 fractis„
1021 2707 1066 2760 sed
1092 2735 1103 2756 ι
1123 2711 1192 2763 inse

676 2786 806 2849 feretis,=
830 2788 873 2838 rel
897 2813 908 2834 ι
925 2789 952 2838 ίιι
976 2807 1003 2839 se
1023 2788 1158 2852 inl'arctis,
1176 2815 1191 2837 ι

676 2866 757 2918 scrihi
766 2877 900 2934 oportent:
913 2879 940 2917 ut
952 2868 1079 2918 sententia
1093 2869 1133 2926 sit.
1146 2887 1192 2938 ge·

676 2945 765 2996 nicula
777 2945 903 3006 alia,aliis
914 2947 1036 2998 tubarum
1050 2945 1140 3010 modo,
1153 2949 1192 2998 in-

676 3025 727 3076 seri
741 3035 766 3075 et
782 3024 909 3076 inlareiri.
927 3026 971 3076 Sic
984 3026 1054 3077 enirn
1068 3026 1191 3090 ille,1V,

678 3103 693 3156 ⁵
711 3123 718 3154 τ
731 3106 840 3172 Θαμνίον
857 3104 894 3162 tet
906 3101 1083 3174 suspendia,
1095 3108 1192 3175 γόνατα

677 3187 766 3250 συνεχῆ
789 3186 842 3251 ἔχον
856 3183 987 3253 ἐγκείμεναι
1001 3185 1127 3248 illidere,
1141 3185 1192 3236 eie-

676 3282 722 3332 srsp
734 3262 879 3332 σάλπιγγος.
894 3289 905 3310 ι
918 3263 1014 3314 Frutex
1025 3276 1063 3314 est
1074 3265 1193 3333 exiguus,

677 3353 763 3406 tener,
787 3341 910 3394 arundini
934 3342 1041 3402 similis,
1065 3343 1193 3410 geniculis

680 3421 791 3484 densus,
806 3441 920 3492 quorum
933 3422 983 3472 alia
998 3422 1055 3472 aliis
1066 3423 1191 3475 tubarum

679 3499 1193 3565 modoinseruntur,inferciunturaue.»

681 3582 772 3632 Hane.
1124 3569 1132 3576 .

721 3681 735 3710 ι
743 3665 767 3722 d.
777 3661 906 3728 Quartum.
914 3660 1129 3712 Demonstratnnr
1141 3660 1193 3714 hoc

681 3738 828 3808 sibigenus
846 3739 910 3792 olim
927 3739 1005 3790 lauisse
1022 3739 1140 3792 Ruellius
1154 3753 1193 3793 te·
1220 3793 1224 3800 ,

680 3831 774 3882 statur,
797 3837 824 3888 p.
852 3821 916 3872 582.
941 3819 1049 3870 emeris
1066 3820 1195 3876 herhas-iis

680 3916 788 3969 prorsus
803 3899 935 3968 ignotum.
953 3899 1033 3950 Forte
1047 3899 1090 3950 hic
1107 3899 1194 3968 legen.

680 3975 761 4042 dum,
776 4003 787 4026 ι
800 3978 936 4030 Pecslisre
950 3977 1101 4032 ischiadicis
1114 3998 1194 4050 quar·

124 4071 165 4110 ter
193 4058 280 4111 solum
307 4059 409 4124 natale,
434 4055 509 4128 qnod
534 4056 637 4108 Plinius
681 4069 908 4126 campanensis.
925 4085 936 4105 ι
954 4057 1044 4110 Hine.
