2925 5009
306 420 356 491 88
574 424 613 492 C.
642 421 812 493 PLlNll
839 422 950 491 Nar
977 422 1105 493 lllST.

163 578 178 609 ·
304 553 462 624 Nascitur
472 567 583 623 autern
598 552 637 623 is‘
642 550 780 675 ²,quem
788 579 916 625 marem
919 539 1388 650 ''appellavimusexseenet-

304 660 396 755 ipso,
425 646 628 731 cacumine¹⁴
651 662 686 729 in
707 675 831 730 terram
857 661 997 731 defixo:
1022 659 1244 733 melancranis
1270 677 1386 731 autem

270 782 287 835 3
306 790 366 837 suo
379 767 513 836 semine
515 764 664 898 Alioqui
675 768 825 837 omnium
840 767 968 839 radices
984 768 1139 837 omnihus
1157 770 1260 839 annis
1282 770 1386 837 iuter·

305 870 511 941 moriuntur¹
515 858 641 943 {Usus
655 874 697 943 ad
712 898 824 945 nassas
836 876 999 959 marinas,
1008 873 1148 944 vitilium
1158 872 1386 969 elegantiam,

304 977 516 1049 lucernarum
530 976 655 1049 lumina
666 985 858 1076 ,praecipua
871 979 1017 1051 medulla
1025 978 1301 1110 ,amplitudine
1286 995 1385 1075 Juxta

303 1087 485 1155 maritimas
505 1084 606 1180 Alpes
621 1101 731 1172 tanta,
750 1101 791 1157 ut
807 1087 911 1157 inciso
927 1100 1044 1157 ventre
1058 1072 1260 1183 impleant¹⁶
1287 1110 1385 1181 pane

303 1192 478 1261 unciarum
490 1188 514 1231 '⁷
537 1189 800 1263 latitudinem:
790 1218 825 1263 m
838 1194 984 1290 AEgypto
999 1217 1081 1263 vero
1094 1194 1288 1263 cribrorum
1311 1191 1383 1261 lon·

84 1316 88 1325 '
187 1341 190 1347 ·
269 1297 506 1395 qgitudinern,
515 1323 584 1367 non
598 1284 707 1369 alias¹⁸
721 1297 899 1369 utiliorem
913 1298 1060 1389 Quidam
1073 1301 1259 1369 etiamnum
1274 1323 1383 1367 unum

303 1404 816 1501 genusiaciuntjuucitrianguli:
823 1419 1106 1501 cyperonvocant.
1112 1405 1382 1475 Multiveronon

301 1510 494 1583 discernunt
514 1533 534 1578 a
555 1512 671 1606 cypiro
689 1513 857 1581 vicinitate
871 1512 1025 1581 nominis.
1043 1516 1115 1581 Nos
1132 1512 1383 1607 distinguemus

302 1632 490 1712 utrumque.
510 1618 654 1711 Cypirus
669 1632 719 1687 est
737 1616 914 1713 gladiolus,
929 1633 967 1688 ut
979 1616 1122 1688 diximus
1130 1616 1166 1705 ¹⁹,
1173 1618 1290 1688 radice
1306 1614 1381 1686 bul·

301 1724 400 1811 bosa,
416 1722 658 1795 laudatissimus
675 1724 709 1794 in
730 1722 847 1794 insulis
857 1726 976 1813 Creta,
989 1723 1066 1794 dein
1079 1726 1194 1810 Naxo,
1207 1740 1244 1793 et
1262 1736 1381 1819 postea

301 1832 335 1899 in
348 1830 515 1901 Phoenice.
529 1830 663 1899 Cretico
675 1828 803 1899 candor
819 1830 970 1927 odorque
987 1832 1117 1900 vicinus
1131 1830 1258 1919 narde,
1267 1830 1379 1900 Naxio

345 2008 390 2043 aa.
403 1988 612 2043 Nareitumtem
629 1992 658 2041 r's.
674 1987 812 2061 'l'heophn
856 1988 932 2043 Cave
945 1988 1018 2043 enim
1036 1990 1172 2043 existimes
1192 1989 1284 2061 ipsius
1300 1986 1376 2059 junci

300 2069 348 2123 lib.
363 2071 415 2133 1v‚
427 2086 486 2139 esp.
502 2067 547 2133 13,
560 2070 588 2122 ia
598 2070 642 2130 mic
657 2074 774 2137 κεφαλῆς,
783 2065 814 2122 id
856 2087 985 2122 cacumen
998 2068 1130 2140 intelligi,
1141 2088 1198 2140 quo
1211 2066 1334 2123 demisso
1348 2066 1377 2119 in

301 2162 356 2213 eat,
373 2147 470 2202 radicis
492 2146 606 2203 halboso
633 2148 720 2218 capite
745 2144 815 2201 radi·
856 2160 967 2213 terram,
979 2148 1120 2202 utinaliia
1129 2146 1262 2213 vidimus,
1273 2163 1374 2220 propa·

299 2228 373 2282 culae
394 2228 535 2299 quotannis
554 2226 657 2281 renasci
674 2224 769 2293 tradit,
786 2240 814 2282 et
855 2228 927 2297 patio
954 2228 1010 2281 liat.
1035 2226 1129 2281 Haan.
1154 2260 1196 2271 -
1210 2226 1287 2281 Vide
1313 2244 1373 2296 sap·

300 2326 361 2380 quea
380 2320 448 2363 nata
464 2318 543 2371 aunt,
556 2304 698 2377 quotannis
717 2306 812 2359 emori.
856 2307 1022 2378 Dalecampii
1035 2319 1104 2361 nott.
1116 2308 1170 2361 En.
1244 2315 1250 2324 '

299 2389 436 2461 Deceptan
444 2386 546 2439 Plinius
556 2390 671 2457 erpelle,
682 2402 812 2451 cacumen
900 2387 946 2441 15.
957 2387 1062 2458 Alioqui
1072 2392 1176 2441 omium
1188 2386 1287 2440 radiens
1308 2403 1371 2439 aaa.

300 2468 391 2533 vertit,
405 2478 568 2521 ctuterrore
578 2464 810 2529 suchallucinans,
855 2486 914 2519 aaa.
930 2471 1054 2521 utemur.
1065 2464 1113 2518 llis
1126 2464 1275 2533 radicibus,
1285 2464 1372 2537 inquit

298 2547 456 2620 imaginatas
469 2546 519 2598 'eat
534 2562 667 2599 ,cacumen
690 2545 718 2597 in
741 2558 812 2599 terra
855 2546 995 2618 Theophr.
1009 2545 1146 2618 peculiare
1158 2560 1212 2613 eat,
1224 2544 1305 2618 qnod
1320 2544 1370 2597 aia·

298 2622 811 2699 deligiptaicjuncumpropagaritradi·
854 2624 925 2697 gulia
942 2626 1019 2681 annis
1040 2626 1188 2692 intereant,
1207 2638 1235 2681 et
1263 2641 1370 2681 rursum

297 2705 338 2761 dit
347 2706 409 2761 rubi
416 2702 506 2759 modo.
514 2706 582 2758 Dan.
594 2734 633 2745 -
645 2704 771 2758 Nascitur.
783 2704 811 2757 Is
853 2722 1007 2776 saperneex
1015 2704 1114 2759 radicis
1121 2706 1208 2777 capite
1217 2705 1367 2777 pullulent:

297 2805 407 2859 nempe.
423 2802 503 2859 quem
514 2802 603 2854 oxyn,
616 2796 742 2847 acutum,
757 2798 810 2838 ste·
853 2786 1001 2841 statium
1021 2792 1080 2839 κατ’
1097 2788 1216 2851 latueris,
1232 2786 1277 2841 aui
1293 2786 1310 2844 al
1326 2786 1367 2837 tvi

296 2866 385 2932 rilem,
397 2878 425 2919 et
438 2883 538 2918 marem
549 2863 703 2934 appellavit.
717 2862 810 2918 Haan.
854 2865 944 2919 dietae
954 2866 1028 2919 πόλιν
1041 2868 1057 2922 ai
1077 2869 1182 2935 γένεσις.
1201 2866 1296 2920 Eun.

340 2947 385 3001 13.
406 2946 511 2999 Mareia.
523 2943 712 3014 Theophrasto
730 2943 810 2999 holo·
897 2948 943 2999 16.
962 2946 1092 3015 impleant.
1104 2946 1166 2999 Vct.
1180 2944 1255 3017 apud
1276 2942 1365 3001 Dalee.

295 3026 435 3093 schoenus,
458 3044 515 3079 nou
535 3024 708 3094 oxyschoenos
737 3041 807 3087 maa,
854 3026 968 3095 impleat,
981 3042 1079 3097 nempe
1091 3022 1217 3079 medulla.
1233 3026 1288 3078 En.

296 3106 400 3159 tametsi
419 3106 548 3178 probatur
567 3103 649 3175 magia
669 3102 736 3157 mihi
753 3103 810 3157 haec
838 3149 840 3153 .
897 3122 942 3175 17.
960 3104 1090 3157 uacum
1104 3104 1267 3160 nemum
1281 3101 1365 3156 Polli·

295 3185 376 3240 Plinii
395 3183 485 3249 lectio,
503 3202 584 3255 ᾳιιιιιι
597 3182 697 3254 vulgati
719 3200 809 3237 exem·
853 3184 890 3239 cia
916 3182 1051 3238 videlicet
1083 3184 1173 3237 Librae
1201 3195 1365 3256 usurpantur

294 3262 563 3337 plariaTheophraati.
575 3262 735 3333 Numquam
743 3280 810 3333 oxy·
853 3262 933 3317 etiarn
951 3262 985 3316 de
998 3262 1076 3334 pedis
1084 3264 1220 3335 partibus,
1232 3277 1264 3319 nt
1278 3275 1305 3316 et
1317 3260 1364 3313 lib.

293 3346 415 3401 eclanum
431 3362 486 3398 maa
502 3360 593 3398 manen
611 3360 667 3395 non
679 3342 763 3401 ierat,
774 3360 809 3396 ex
852 3343 990 3409 XXXIII,
1003 3361 1061 3415 cap.
1079 3346 1106 3399 8.
1117 3344 1167 3397 Pes
1181 3356 1272 3398 autem
1287 3338 1363 3415 polli-

293 3424 391 3479 rsdicia
406 3424 522 3479 hnlboso
539 3420 667 3494 capiteia
693 3433 808 3493 quotan-
851 3442 894 3477 cea
917 3441 963 3487 aa,
980 3436 1012 3476 ut
1031 3423 1100 3477 libra
1119 3422 1232 3477 totidem
1258 3420 1361 3483 uncias,

293 3506 335 3559 nia
344 3518 375 3559 ut
390 3515 585 3568 ammarum,
602 3514 696 3556 natura
708 3501 807 3555 conati·
851 3503 980 3557 eontinet.
994 3504 1064 3556 Dar..

293 3586 353 3639 tuit
369 3586 436 3639 Dan.
894 3586 940 3637 all.
953 3582 1013 3637 Noa
1022 3582 1093 3635 alias.
1104 3583 1137 3635 In
1148 3580 1225 3635 MSS.
1238 3600 1288 3634 noa
1297 3580 1359 3633 aliia.

336 3672 382 3729 14.
398 3664 537 3719 Cacumina.
555 3660 636 3715 Bulbi
654 3679 754 3733 nempe
762 3680 806 3715 ra·
851 3662 988 3718 Sententia
1007 3675 1061 3728 eet,
1085 3681 1141 3715 non
1157 3680 1191 3715 ex
1211 3661 1270 3715 aliis
1284 3661 1361 3714 sebna

292 3744 360 3800 dicia
376 3742 515 3800 cacumine
533 3742 562 3795 in
581 3753 680 3795 terram
699 3738 807 3809 defixo,
849 3741 948 3795 fleriin
956 3745 1072 3813 AEgypto
1079 3742 1167 3797 cribra
1175 3740 1359 3811 utiliue,qnana

292 3844 326 3879 ex
337 3842 392 3898 quo
398 3818 583 3895 junciradicea
591 3822 733 3891 quotannis
744 3820 805 3892 pul·
849 3838 865 3875 e
876 3824 968 3893 junco.
983 3822 1017 3874 Η.
1029 3852 1070 3863 --
1083 3822 1156 3875 Brot.
1171 3822 1233 3874 ollis.
1248 3822 1302 3873 En.

292 3906 387 3959 lulant.
400 3902 463 3957 llac
479 3901 559 3955 etiam
570 3900 806 3974 Greciacriptoris
893 3920 937 3971 ¹9·
957 3902 991 3954 Ut
1002 3901 1116 3954 dicturam
1129 3902 1195 3972 Cap.
1213 3903 1260 3971 67.
1279 3900 1355 3969 &praa

291 3984 422 4057 sententia
437 3994 491 4049 eat,
507 3998 591 4115 qqaurn
604 3981 654 4034 elad
673 3986 718 4042 τῆς
730 4000 806 4050 sape·
848 3980 888 4035 ibi
902 3978 1068 4037 Dioscoridis
1082 3998 1138 4037 ease
1151 3980 1312 4035 monuimus
1322 3974 1355 4029 ll·

289 4072 332 4126 λῆς
340 4069 383 4119 τοῦ
397 4064 493 4133 σχοίνου
528 4058 803 4131 'xit,lliu.lv,13.
848 4060 1102 4117 -SiveGladiolru
1116 4064 1251 4114 wmreuau·
1266 4060 1320 4115 En.

405 4184 426 4217 Q
