2925 5009
467 468 622 538 LIBER
648 472 791 540 xxvl.
1086 491 1156 567 771

79 600 233 673 radice:
256 604 381 672 cortice
402 600 505 671 trahit
523 615 557 670 et
574 602 760 673 secundas:
780 602 944 672 succurrit
959 616 993 671 et
1010 614 1162 697 strangu·

81 707 273 779 lotionibus
291 730 433 803 eraque
450 721 538 803 pota.
558 709 643 777 Item
659 708 754 779 radix
766 734 785 777 e
797 708 933 804 geranio
949 704 1161 803 peculiariter

76 815 248 885 secundis
256 801 603 908 ,inflationibusque⁴⁴
614 814 790 884 vulvarum
804 814 1024 885 conveniens.
1038 828 1161 909 purgat

81 920 248 1059 hippuris
265 936 344 1018 pota
359 936 392 993 et
412 922 563 1015 apposita
581 919 705 991 vulvas.
726 920 915 1015 Polygonus
934 936 1014 1015 pota
1031 945 1161 990 menses

81 1014 210 1114 ciet⁴⁵‚
232 1042 266 1097 et
292 1026 417 1099 althea
440 1027 544 1096 radix.
574 1026 664 1097 Foliu
693 1026 892 1123 plantaginis
913 1026 1061 1165 pellunt,
1081 1028 1196 1099 itemfi

82 1118 405 1229 agaricum⁴⁶a
325 1158 365 1203 ex
387 1157 473 1228 aqua
500 1131 616 1203 mulsa.
644 1135 820 1203 Artemisia
845 1121 987 1203 vulvae⁴⁷
1010 1132 1163 1202 medetur

82 1242 191 1326 trita,
213 1264 255 1309 er
275 1239 376 1309 oleo'
368 1240 473 1327 irino,
487 1239 642 1326 entheo,
664 1255 723 1309 eut
743 1264 820 1309 cum
842 1240 977 1334 myrrha
997 1241 1160 1334 apposita.

81 1292 253 1440 Ejusdem
274 1345 367 1416 radix
385 1359 465 1440 pota
485 1347 518 1413 in
533 1358 662 1416 tuntum
707 1360 823 1441 urget,
840 1360 880 1415 ut
897 1358 1012 1441 partus
1026 1358 1162 1415 euectos

82 1452 260 1521 extrahat.
292 1454 425 1523 Menses
445 1466 478 1521 et
499 1441 675 1522 secundus⁴
712 1452 778 1522 ciet
797 1473 967 1521 ramorum
985 1452 1161 1522 decoctum

83 1558 339 1627 insidentibus.
355 1558 434 1627 item
455 1556 532 1628 folin
549 1572 628 1653 potu
645 1558 815 1629 drachma.
830 1558 882 1627 Ad
890 1544 1040 1627 endem
1051 1558 1163 1626 omnia

84 1678 247 1793 prosunt
257 1663 336 1733 vel'
326 1666 479 1760 tmposita
495 1666 617 1751 uentri,
635 1666 739 1735 immo
752 1687 830 1734 cum
845 1665 951 1734 farina
966 1662 1162 1733 hordeacea.

83 1756 262 1840 Acoron⁵⁰
278 1794 413 1901 quoque
427 1770 507 1841 utile
521 1784 571 1841 est
585 1772 797 1842 interioribus
811 1770 1010 1841 seminurum
1023 1769 1164 1849 morbis
1200 1772 1211 1791 ‘

84 1890 123 1945 et
140 1862 289 1972 conyza⁵
293 1876 473 1973 ¹‚utruque
484 1889 518 1946 et
533 1878 711 1947 crethmos.
730 1880 775 1948 Et
792 1875 990 1973 anthyllides
1004 1875 1079 1945 duae
1091 1873 1166 1945 vul-

132 2052 184 2109 44.
209 2045 429 2118 inflationibusque.
453 2045 517 2099 Non
535 2043 608 2097 codi-
650 2046 722 2100 Pers.
743 2046 867 2115 Polyper.
888 2034 981 2111 iuss).
1002 2042 1111 2096 Habitus
1130 2040 1165 2095 sd

86 2142 159 2178 enm
181 2122 264 2179 modo
284 2126 483 2196 primitivorum
505 2122 606 2184 iidem,
650 2126 730 2179 maris
739 2126 837 2179 littora.
848 2124 984 2194 Πολύγονον
993 2120 1127 2187 θῆλυ,Ν,
1135 2120 1162 2185 5,

89 2206 182 2275 Regg.
198 2204 277 2258 Colb.
289 2204 381 2258 chiffl.
393 2203 440 2258 sed
455 2216 481 2257 et
495 2205 608 2257 Diosco·
650 2217 689 2258 est
703 2205 855 2277 Polygonum
867 2206 987 2255 insenum.
1005 2202 1115 2255 Habitat
1132 2200 1165 2254 in

86 2282 161 2337 ridis
182 2284 369 2339 auctoritatem
388 2284 518 2355 amplexi,
538 2284 608 2354 infle-
649 2282 1039 2355 agris.Conf.iib.XXV11‚c.
1054 2281 1164 2350 91.En.

86 2364 198 2415 mntem
216 2364 384 2457 scripsimus,
403 2380 455 2435 pro
475 2364 608 2431 inflamma·
693 2364 739 2427 46.
757 2363 961 2431 ltemogerieum.
970 2360 1093 2415 Dioscor.
1105 2358 1165 2425 ΠῙ,

88 2443 209 2497 tionibus.
229 2442 273 2497 Src
284 2460 356 2496 emm
368 2442 427 2506 rlle
439 2440 608 2510 111,131,de
654 2460 678 2505 1,
691 2434 847 2515 dyndima
839 2442 971 2513 'ippum
982 2438 1072 2492 lirun.

87 2520 226 2595 geranio·
238 2526 345 2591 ssutsiep
368 2524 393 2575 ls
413 2524 468 2595 clap
491 2524 546 2594 ἄχρι
576 2528 600 2577 b
693 2530 739 2593 47.
755 2521 981 2575 Anemr'sr'aunlus
990 2519 1056 2571 mede
1057 2530 1104 2582 mr,
1111 2530 1162 2573 etc.

86 2604 184 2664 πλῆος
201 2603 289 2674 itt-ipse
310 2602 531 2673 ipmsuucrsiuttr
544 2606 606 2657 λῦιι.
652 2602 741 2655 Diose.
760 2602 817 2665 111,
842 2620 906 2671 ¹²7·
930 2596 1042 2653 totidem
1061 2598 1166 2663 verbis,

91 2708 104 2730 ι
117 2682 261 2735 Drachmre
278 2678 398 2753 pondere
417 2682 446 2734 in
460 2682 526 2734 uiuo
546 2694 609 2753 pota
651 2694 678 2735 et
691 2680 786 2735 Galen.
798 2678 833 2733 de
843 2680 904 2733 Fac.
920 2680 1010 2751 simpl.
1024 2676 1096 2731 med.
1107 2678 1166 2743 Vl,

88 2762 183 2814 vulvae
202 2760 351 2815 inflationes
363 2758 479 2815 discutit.
502 2786 514 2809 ι
534 2762 568 2814 Η.
656 2764 717 2815 rso.
732 2760 825 2813 liano.

134 2840 182 2903 45.
206 2840 348 2911 Polygonus
366 2852 427 2911 potu
443 2860 531 2892 menses
551 2845 606 2895 ciet.
694 2841 741 2904 48.
752 2840 846 2892 Menses
857 2850 883 2890 et
895 2838 1024 2901 secundus,
1040 2848 1091 2890 etc.
1102 2836 1166 2891 Dio·

89 2922 133 2973 lta
145 2920 269 2991 proiecto
283 2918 345 2973 libri
361 2936 469 2985 omnes,
480 2932 537 2973 tum
550 2920 610 2973 rul-
652 2934 720 2973 seor.
735 2918 789 2971 loc.
800 2920 845 2972 cir.
860 2916 894 2971 ad
908 2918 1026 2971 verbum.
1042 2916 1133 2970 liano.

90 3000 165 3074 geri,
180 3010 239 3052 turn
256 2997 393 3053 conditivi.
414 2998 450 3051 Et
467 2998 501 3051 de
516 3000 609 3053 althea
694 3004 742 3068 49.
769 2999 816 3051 Aa
838 2996 919 3050 eedem
946 3000 1025 3049 omnia
1053 3008 1164 3067 presunt.

91 3076 223 3152 quidem,
239 3078 303 3131 cieri
324 3096 354 3131 es
376 3090 529 3141 menstrua,
551 3092 609 3133 tum
652 3078 742 3131 Diose.
752 3076 804 3131 loe.
818 3078 864 3132 cit.
879 3078 972 3131 Hrnn.

91 3176 159 3213 usus
167 3157 261 3211 edocet
270 3156 520 3231 quotidianus‚tum
529 3158 607 3211 etiem
693 3157 738 3211 50.
752 3158 853 3209 Acorea
871 3176 961 3229 quoque
975 3155 1041 3208 urile.
1061 3154 1165 3209 Insessu

92 3238 186 3293 Diosc.
200 3237 257 3303 111,
275 3236 340 3292 163.
357 3240 393 3291 m
409 3254 475 3290 vero
495 3238 609 3309 polygo-
652 3236 801 3308 presertim
824 3234 975 3289 Dioscorid.
996 3236 1023 3299 1,
1045 3254 1071 3287 a.
1095 3236 1131 3288 tt.

92 3336 150 3372 non
172 3314 359 3388 adstringentis
380 3330 436 3371 esse
460 3317 607 3384 facultatis,
694 3318 741 3371 ⁵1.
756 3316 794 3368 m
809 3334 908 3389 comae.
929 3316 963 3368 Et
978 3317 1034 3368 haec
1048 3311 1166 3368 insiden-

93 3412 253 3467 meusesque
265 3414 294 3452 ea
306 3396 361 3450 sisti
373 3397 487 3449 clamant
498 3414 606 3461 omnes,
653 3395 724 3450 tibus
737 3414 846 3467 qnoque
860 3396 887 3449 in
902 3398 959 3466 ejus
973 3392 1086 3447 decoem
1100 3413 1165 3466 pro·

93 3490 155 3549 post
174 3476 263 3529 Diose.
275 3477 326 3542 IV,
342 3480 358 3540 4
372 3494 411 3549 sq.
426 3476 608 3543 Quamobrem
652 3474 726 3530 dest:
741 3476 831 3529 Diosc.
843 3474 900 3540 111,
917 3474 971 3529 136
984 3492 991 3527 :
1004 3473 1056 3526 Kal
1067 3475 1095 3527 τὸ
1108 3474 1167 3545 dpr'·

93 3554 318 3611 considerandum
344 3556 458 3626 amplius
477 3572 543 3608 uum
573 3557 608 3611 its
652 3555 723 3625 ψημα
738 3552 769 3608 dl
791 3556 870 3608 αὐτῶν
893 3555 917 3608 lu
934 3556 1069 3625 κιθίσματι
1091 3553 1125 3605 τὰ
1141 3556 1165 3606 lv

94 3636 148 3707 legi
156 3636 201 3689 bic
211 3647 330 3707 oporteat
341 3654 373 3709 ²!
382 3634 534 3707 Polygonua
544 3648 608 3705 pots
653 3636 736 3707 μήτρᾳ
748 3636 892 3707 deportabat,
907 3635 949 3688 sal
962 3636 1061 3705 Ιμμηνα
1072 3630 1167 3686 douae·

95 3732 200 3769 meuses
214 3714 282 3769 sistit
294 3715 363 3768 :ciet
375 3712 580 3768 altbaenrsdix:
594 3740 605 3763 ι
652 3716 737 3786 teipsa
750 3716 786 3768 H.
799 3746 839 3757 -
856 3712 972 3785 Utroque.
990 3714 1094 3782 Nempe
1111 3730 1167 3765 mu·

94 3794 170 3868 qnod
193 3794 295 3847 incuria
318 3794 518 3847 amanuensium
540 3794 610 3847 exei-
652 3796 704 3866 jor,
720 3812 780 3866 que
797 3792 875 3846 nobis
891 3790 983 3847 eadem
999 3804 1039 3845 est
1053 3808 1086 3844 ac
1100 3792 1166 3844 Bac·

96 3876 166 3928 disse
183 3892 235 3927 vox
253 3892 283 3925 ea
299 3876 365 3926 sistis
382 3872 498 3927 ridetur.
516 3872 550 3927 ll.
568 3906 609 3919 --
653 3874 733 3928 eburis
742 3872 908 3927 Dioscuridis
917 3870 1058 3946 (Synpenes.
1069 3872 1165 3943 sumt

95 3956 231 4023 Πολύγονον
242 3954 310 4024 rippas
321 3954 408 4007 Diose.
421 3954 472 4018 w,
485 3960 519 4019 4,
532 3954 609 4007 nobis
653 3972 713 4025 gen.
729 3957 803 4017 1846
817 3954 889 4007 Pers.
903 3952 1063 4027 Corymbij'er.
1072 3948 1166 4015 lusa).

97 4032 191 4087 eodem
205 4034 315 4086 nornine
323 4046 362 4087 est
373 4033 525 4106 Polygonum
537 4036 609 4087 meri·
654 4032 760 4087 Habitat
784 4032 925 4105 insyria,
951 4034 1084 4105 AEgypso‚
1117 4044 1166 4085 etc.

100 4116 179 4167 simum
197 4109 325 4177 (Ocrcsd.
351 4116 441 4187 rrigyn.
464 4130 524 4185 gen.
551 4130 606 4184 977
652 4112 759 4185 Conyra
772 4124 860 4167 autem
875 4112 972 4180 minor,
983 4124 1021 4166 est
1032 4112 1102 4166 11111111
1116 4110 1167 4163 Pu-
