2925 5009
431 409 588 477 nisan
613 410 756 477 xxvi
1059 434 1122 507 ,ιι

51 552 83 607 et
102 536 279 632 tithymali
308 540 428 607 marini
457 566 579 622 succo,
604 543 637 609 in
654 542 768 611 ludaea
796 541 864 611 sere
889 566 896 609 :
920 542 1128 636 quodetiam

52 643 244 739 strangulat
273 659 454 741 sumptum.
479 646 751 743 Deprehenditur
775 648 917 743 gustu⁹:
938 650 1130 745 tithymalus

51 752 136 819 enim
151 749 309 845 linguam
322 751 504 823 excalfacit.
521 758 611 825 Usus
628 754 738 825 bimo:
754 779 815 823 nec
828 770 921 842 ante,
936 780 997 825 nec
1011 772 1124 851 postea

52 854 165 925 utili¹⁰.
190 858 331 929 Dedere
352 872 386 927 et
406 885 466 954 per
485 885 521 930 se
539 887 580 931 er
596 884 682 955 aqua
700 858 806 933 mulsa
826 876 860 930 et
878 860 945 930 sale
961 866 1129 957 quaternis
1214 860 1216 865 ’

52 962 166 1033 obolis.
196 963 269 1035 Sed
291 963 462 1035 utilissime
483 990 559 1036 curn
579 966 673 1053 aloe,
693 968 739 1035 ita
762 981 799 1037 ut
816 968 992 1062 incipiente
1013 994 1129 1063 purga·

51 1071 139 1138 tione
156 1070 313 1141 mulsum
333 1070 476 1142 bibatur.
499 1074 552 1144 Fit
572 1087 606 1143 ct
627 1071 832 1143 decoctum¹¹
849 1073 968 1143 radicis
984 1076 1017 1143 in
1035 1090 1130 1147 aceto

52 1174 91 1243 ad
116 1176 378 1247 crassitudinem
407 1177 529 1266 mellis,
548 1204 615 1275 quo
642 1178 743 1274 leprae
767 1177 949 1267 illinuntur,
970 1195 1004 1250 et
1030 1197 1131 1276 caput

52 1283 190 1375 ungitur
213 1285 252 1353 in
272 1282 388 1352 dolore
404 1309 482 1355 cum
500 1284 583 1355 oleo.

101 1390 274 1458 XXXIX.
294 1389 516 1485 Tithymalum
536 1392 642 1461 nostri
655 1390 794 1460 herbam
810 1388 979 1461 lactariam
994 1409 1130 1482 vocant,
1152 1428 1163 1461 1

54 1491 105 1563 alii
124 1491 298 1567 lactucam
319 1496 531 1592 caprinam¹z
552 1512 756 1591 narrantque
777 1495 861 1591 lactq
883 1498 953 1593 ejus
971 1500 1131 1594 inscripto

56 1623 216 1695 corpore,
231 1626 334 1696 quum
347 1604 523 1686 inaruerit,
536 1605 562 1672 si
573 1605 655 1673 cinis
667 1605 889 1698 inspergatur,
906 1628 1067 1699 apparere
1083 1604 1131 1676 lit·

56 1718 161 1794 teras,
178 1722 218 1777 et
232 1711 277 1776 ita
290 1708 422 1803 quidam
436 1708 602 1781 adulteras
617 1706 741 1803 alloqui
759 1708 905 1779 maluere
921 1734 1019 1805 quam
1040 1711 1129 1781 codi-

59 1810 142 1883 cillis.
154 1817 294 1886 Genera
305 1814 375 1907 ejus
387 1814 502 1885 multa.
519 1818 648 1885 Primus
663 1814 937 1909 cognominatur'
952 1818 1132 1905 characias,

95 2002 121 2052 9.
133 1986 335 2057 Deprebeaditar
349 1998 432 2055 gruta.
451 1985 574 2041 Dioscor.
618 1987 700 2051 alsia,
716 1987 809 2056 λέπρας
822 1986 911 2056 ἐξάγω
924 1990 1089 2058 κιφιλσλγὶας
1103 2010 1131 2042 τι

62 2062 179 2119 locria·
190 2066 295 2119 Namsi
308 2066 575 2136 linguamvehemen·
617 2066 714 2135 χρονίας
733 2066 783 2127 leh
801 2064 940 2137 ἰπίίριγμα
961 2066 1003 2119 abs
1022 2070 1069 2131 ὄξει
1089 2070 1131 2123 καὶ

63 2154 98 2193 ter
112 2146 269 2210 excalfacit,
284 2147 420 2211 aruritae,
434 2158 475 2199 est
489 2144 517 2200 id
528 2144 575 2198 sd·
618 2140 714 2215 ῥοδίνῳ,
733 2170 744 2191 ι
755 2142 857 2199 Eodem
876 2144 988 2199 decocto
1009 2146 1037 2199 in
1056 2162 1130 2203 aceto

64 2222 133 2275 mixti
146 2225 286 2299 tithymali
297 2238 511 2296 argumentum·
523 2226 575 2281 ital
618 2224 692 2277 illito
706 2226 788 2295 lepra
799 2226 971 2289 infernmum
984 2225 1030 2281 sed
1044 2240 1071 2279 et
1085 2247 1129 2278 eo-

64 2308 95 2370 eq
103 2304 137 2373 tiri
149 2307 207 2359 λίαν
218 2311 308 2377 πυρῶν
323 2308 367 2361 τὴν
380 2306 574 2375 γλῶσσαν,ὅπιρ
618 2303 680 2358 deur
691 2316 771 2375 caput
783 2317 875 2359 contra
885 2303 1044 2359 diuturnum
1056 2304 1131 2359 dolo·

65 2381 152 2447 γίνεται
173 2386 308 2456 monnau
335 2387 457 2456 μιγέντος.
481 2385 526 2439 Sic
549 2398 576 2439 et
618 2401 675 2441 rem
698 2402 731 2439 ex
756 2396 830 2443 aceto
861 2396 888 2437 et
917 2402 1024 2439 rosaceo
1052 2388 1131 2459 angi·

66 2475 151 2517 tactor
163 2464 229 2519 libri
246 2482 308 2517 mox
323 2464 395 2519 citou
409 2463 482 2536 apud
495 2465 576 2519 Gale·
620 2475 674 2523 tnr.
690 2488 702 2512 ι
715 2464 807 2519 lirun.

69 2557 134 2596 unm.
145 2543 241 2598 lino.
657 2542 789 2597 XXXIX.
806 2560 830 2595 r.
843 2542 899 2595 Atti
916 2544 1035 2597 lactucam
1050 2550 1132 2615 capri-

106 2640 146 2675 ιο.
175 2626 241 2677 Una
263 2623 344 2687 ὀίω
367 2644 410 2677 aee
429 2635 503 2688 nats,
533 2644 576 2677 aec
617 2642 681 2679 mar.
704 2621 787 2689 Quod
810 2641 840 2677 ea
867 2640 954 2694 caprae
975 2638 1129 2682 vescantur.

69 2712 143 2767 putea
158 2706 224 2757 atili.
241 2703 356 2757 Biennio
370 2703 514 2765 recentior,
529 2723 574 2757 ve·
617 2703 760 2759 horama
774 2702 903 2757 marinam
917 2703 998 2773 Apul.
1007 2721 1031 2757 c.
1043 2721 1131 2770 cvrrr,

71 2783 192 2839 tutione
207 2802 302 2838 succus
316 2783 426 2838 initulis
441 2784 519 2837 Prius
537 2784 575 2835 le·
618 2783 717 2853 aliique
727 2782 1130 2855 quosjamretulimnslib.XX,

72 2860 184 2930 gebatur,
199 2863 344 2936 elinguem
352 2863 488 2918 excalfacit
498 2862 575 2917 bulbi
618 2880 678 2934 cap.
698 2870 744 2926 al.
760 2864 851 2917 Hisu.

74 2954 151 3007 more,
163 2962 217 2997 nec
230 2956 306 3009 ante,
319 2962 369 2996 uec
377 2956 468 3015 postea
479 2942 570 2996 utile·
660 2941 789 2995 aprinos
800 2946 984 3011 cognominatur
993 2942 1129 2996 elamitis.

74 3016 249 3095 Dalecampius
281 3021 454 3088 emendabat,
483 3048 495 3071 ι
519 3023 576 3075 Noc
603 3020 771 3087 ‚Diosc.1V,
789 3021 842 3075 165
855 3042 861 3073 ι
876 3013 899 3075 ὁ
913 3022 1130 3093 μὺνᾶρῥηνχσρα-

74 3110 131 3161 inte,
143 3102 234 3167 eibos,
252 3120 304 3156 nee
318 3116 410 3172 postea
424 3102 498 3156 utile.
511 3125 524 3148 ι
542 3103 575 3153 In
618 3101 673 3162 stiae
686 3102 809 3155 καλεῖται·
821 3101 869 3155 ὑπὸ
879 3098 910 3155 δέ
923 3121 995 3155 τινων
1008 3106 1129 3171 κομήτης,

76 3176 131 3249 Ress.
152 3202 177 3249 r,
198 3210 211 3232 ι
222 3182 382 3249 Ercallacit,
395 3182 577 3236 animoneet
618 3176 863 3250 ἢάμυγδαλοιιδὴς,
881 3182 897 3237 ἢ
917 3178 1014 3241 κωῢιός.
1031 3182 1129 3245 Gallis,

77 3272 151 3315 nnn.
161 3275 213 3316 nec
225 3275 332 3333 postea,
343 3276 410 3317 etc.»
422 3264 461 3315 Ac
471 3261 500 3313 in
510 3262 574 3331 fleg.
620 3260 752 3331 tithymale.
767 3260 890 3330 Pingitur
901 3260 988 3313 aJoh.
999 3262 1130 3325 Brruhino,

80 3355 102 3401 t,
114 3340 196 3395 nitide
212 3360 243 3395 ac
261 3343 417 3414 perspicue,
433 3366 445 3390 ι
462 3341 576 3394 nsusbi·
619 3352 685 3394 tom.
704 3341 762 3403 Ill,
773 3358 800 3409 p.
815 3340 1000 3411 672,qualenr
1015 3339 1131 3396 vidimus

79 3433 191 3484 ¹¹¹0,uec
207 3434 286 3486 ante,
302 3441 352 3475 nec
370 3435 475 3493 postea.
491 3432 544 3472 etc.
560 3446 571 3467 ι
620 3418 648 3471 in
667 3420 749 3473 horto
769 3419 861 3491 Regio.
884 3422 1030 3490 llapaalaa,
1056 3421 1130 3491 quasi

79 3500 142 3565 quod
153 3514 180 3555 et
192 3501 333 3555 Pintianus
345 3502 373 3554 in
384 3520 433 3555 suo
445 3498 522 3553 vidit.
532 3502 576 3555 Sic
619 3498 725 3551 vallaris
742 3498 852 3552 dicitur.
871 3500 929 3553 lloc
950 3518 1033 3571 genus
1049 3518 1131 3571 pecu-

79 3573 125 3645 lpte
133 3582 249 3647 Plinius,
264 3581 388 3646 XXVII,
402 3580 437 3635 35
455 3598 462 3633 r
481 3602 493 3622 ι
506 3580 577 3635 Usus
619 3578 721 3633 liariter
744 3590 832 3631 nostra
853 3598 914 3633 rura
933 3592 1029 3631 vocant
1048 3580 1130 3649 evigi-

79 3655 162 3714 udicis
177 3662 206 3715 in
226 3660 334 3715 trimatu
351 3672 469 3724 tantum,
490 3678 578 3729 neque
619 3659 673 3710 lem
691 3658 867 3723 matutinum,
882 3658 1073 3711 rumille-matia-
1095 3658 1129 3711 ll.

79 3750 158 3807 tulta,
171 3760 258 3813 neque
274 3752 374 3811 postea.
384 3766 396 3789 ι
410 3740 444 3793 Η.
455 3772 493 3781 -
506 3741 576 3791 Cum
621 3770 660 3780 -
674 3738 817 3791 Characias.
835 3738 956 3793 Broterio
974 3751 1013 3792 est
1033 3738 1130 3807 Tithy·

80 3812 190 3873 Pintiano
224 3820 363 3891 praeiverat
397 3817 577 3873 emendationi
621 3818 705 3871 malus
720 3818 1002 3884 characias,rnbens,
1015 3821 1130 3888 peregri-

82 3891 154 3952 liton.
169 3901 198 3953 in
213 3914 282 3953 nott.
293 3897 326 3953 ad
340 3902 411 3953 hunc
423 3900 474 3953 loc.
485 3899 536 3951 En.
622 3916 685 3958 nus,
703 3898 734 3951 C.
754 3897 837 3951 Bauh.
854 3900 933 3953 nobis
944 3898 1008 3949 item
1019 3900 1133 3969 Eaplaor-

117 3996 159 4033 11.
174 3980 216 4033 Fit
231 3993 255 4033 et
264 3981 395 4033 decoctum.
412 3980 503 4033 Diosc.
525 3980 578 4034 loc.
623 3980 663 4031 lia
688 3977 821 4031 Clearaciaa
844 3973 1013 4039 (Dodeaaad.
1042 3982 1132 4049 trigae.

83 4056 119 4112 cit.
130 4050 228 4131 itabile
247 4057 278 4113 <ll
295 4065 319 4114 lv
338 4062 384 4123 ὄξει
405 4062 447 4115 καὶ
460 4078 580 4129 aarum·
624 4077 684 4128 gen.
697 4075 770 4127 ¹¹9⁰
780 4058 852 4111 Pers.
861 4058 1102 4129 Euphorbiae.luss.
1111 4052 1131 4125 l.
