2925 5009
240 480 283 527 ιο
502 462 540 529 C.
568 464 740 535 PLINII
770 463 879 533 Nat.
906 462 1035 531 Hts‘r.

234 575 413 659 Saliorum⁶
429 591 530 663 sacris
549 594 754 682 invenimus,
774 608 810 665 et
827 591 991 665 solemnes
1009 592 1120 663 coenis
1133 593 1308 663 'transiere

232 694 351 765 deinde
369 696 411 765 ad
429 700 594 768 rosaria⁷·
584 726 715 832 ,eoque
734 700 864 771 luxuria
883 700 1062 796 processit,
1078 714 1118 768 ut
1137 723 1205 768 non
1220 713 1307 768 esset

233 804 339 896 gratia
354 803 416 871 nisi
431 830 524 874 mero
540 794 657 875 folio⁸·
649 808 825 877 :sutilibus
840 832 919 877 mox
933 806 1045 901 petitis
1062 805 1105 873 ab
1117 805 1231 893 ludia,
1247 822 1307 875 aut

233 907 321 977 ultra
333 906 446 979 Indos.
458 912 693 983 Lautissirnurn
710 916 834 1010 quippe
850 914 1026 983 habeture
1045 911 1140 981 nardi
1156 858 1236 982 solid
1249 936 1305 981 eas

233 1014 383 1101 dari,aut
392 1030 483 1087 veste
495 1021 598 1089 serica
610 1020 827 1091 versicolores
837 1021 1016 1113 unguentis
1030 1018 1190 1087 madidas.
1205 1022 1306 1088 Hunc

234 1120 336 1191 habet
352 1124 530 1194 novissime
544 1128 668 1196 exitum
682 1126 811 1196 luxuria
826 1126 1036 1196 feminarum.

202 1256 211 1290 ι
285 1230 346 1297 ΙΧ.
368 1232 413 1298 Et
432 1232 521 1325 apud
536 1236 673 1305 Grecos
689 1235 824 1328 quidem
843 1234 886 1303 de
903 1233 1036 1303 coronis
1050 1232 1206 1327 privatim
1224 1232 1305 1300 scri·

232 1358 327 1428 psere
340 1337 546 1409 Mnesitheus
557 1354 656 1434 atque
671 1339 897 1411 Callimachus
911 1338 1052 1424 medici,
1062 1363 1135 1432 quar
1145 1352 1305 1407 nocerent

231 1438 351 1536 capiti¹
368 1445 543 1537 :quoniam
562 1461 596 1515 et
614 1449 647 1516 in
661 1447 727 1517 lroc
742 1461 792 1516 est
808 1444 916 1541 aliqua
928 1442 1126 1514 valetudinis
1140 1444 1259 1539 portio,
1268 1444 1303 1511 in

231 1560 313 1641 potu
331 1562 430 1645 alque
445 1549 622 1622 hilaritate¹
640 1555 808 1649 precipue
828 1553 970 1623 odorum
989 1552 1022 1619 vi
1037 1563 1231 1643 surrepente
1243 1548 1303 1618 fal-

232 1651 356 1743 laciter,
374 1655 531 1727 scelerata
547 1658 736 1756 Cleopatra
754 1659 899 1731 solertia.
915 1658 1093 1752 Namque
1084 1682 1119 1725 ιιι
1139 1670 1303 1751 apparatu

232 1759 308 1829 belli
320 1763 442 1832 Actiaci
453 1765 752 1859 gratificationem
744 1768 847 1863 ipsius
860 1766 983 1861 reginas
994 1764 1140 1832 Antonio
1152 1766 1303 1849 timente,

231 1892 292 1937 nec
317 1869 379 1938 nisi
399 1886 616 1966 praegustatos
636 1875 728 1945 cibos
750 1886 923 1953 sumente,
941 1870 1048 1941 fertur
1062 1854 1208 1965 pavore³
1231 1869 1304 1963 ejus

233 2106 298 2173 158,
311 2118 336 2159 et
350 2107 491 2177 hyacinthos
499 2110 581 2162 sutiles
593 2111 620 2164 in
632 2110 743 2165 Hamsr·
787 2110 884 2162 Folium
897 2106 1021 2161 indicum
1039 2106 1235 2160 intellexerunt.
1249 2108 1302 2161 En.

229 2186 374 2257 tigeninn
357 2190 467 2242 v·.a68
483 2190 575 2243 flattu.
827 2190 876 2242 IX.
897 2205 921 2243 1.
938 2190 1127 2259 (ὶιιαιιοοεκιιε
1142 2190 1228 2257 capiti.
1241 2188 1303 2241 Ari·

269 2268 296 2319 6.
311 2264 442 2319 Saliorum.
456 2268 518 2321 Salii
532 2268 740 2323 sacerdotesllo-
787 2282 848 2323 stot.
871 2272 894 2322 lr
914 2272 966 2329 τοῖς
989 2269 1097 2337 φυσικοῖς
1116 2265 1302 2337 repetitam,

229 2362 279 2396 rure
302 2345 392 2410 fuere
405 2346 552 2401 asaliendo
572 2346 637 2402 dicti
645 2348 741 2421 ‚quod
785 2348 876 2420 inquit
893 2348 991 2401 Athen
1010 2346 1074 2411 XV,
1088 2364 1148 2417 paq.
1162 2350 1233 2414 692,
1250 2347 1303 2400 hoc

227 2442 293 2495 vage
309 2444 357 2496 per
374 2416 481 2479 nrbern
484 2429 640 2483 cursitantes
662 2430 742 2483 salire
784 2429 895 2501 querit,
907 2446 956 2481 cur
966 2445 1050 2497 mogus
1062 2439 1201 2479 canescant
1213 2425 1301 2479 homi
1375 2417 1384 2429 ⁸

227 2504 308 2557 soliti.
323 2504 547 2579 VsrrodeLing.
558 2508 615 2561 Lat.
630 2508 741 2562 «Saliis
784 2526 832 2560 nes
840 2507 908 2579 ,qni
926 2517 1064 2577 unguento
1077 2524 1162 2576 magis
1175 2518 1258 2575 caput
1268 2506 1301 2559 ιΙ

227 2582 441 2657 saltand0‚quod
452 2586 556 2641 locem'
549 2606 576 2638 ιιι
590 2588 700 2642 comitio
710 2589 738 2641 in
784 2588 889 2651 linunt,
909 2603 1053 2657 canusque
1075 2585 1177 2655 aliquas
1201 2586 1300 2651 affert,

227 2664 319 2731 sacris,
334 2666 477 2736 quotannis
494 2680 520 2719 et
540 2668 641 2731 solent,
657 2680 684 2721 et
697 2666 742 2721 de·
784 2686 843 2740 quse
859 2667 886 2719 in
906 2666 1108 2719 Problematurn
1127 2664 1198 2718 libro
1218 2664 1302 2719 hodie

226 2744 301 2797 irent.
316 2769 327 2790 ·
347 2742 414 2797 Inde
434 2744 538 2799 saliares
561 2748 667 2819 epulo,
689 2764 741 2819 pro
783 2766 840 2801 non
858 2746 992 2819 leguntur.
1009 2744 1100 2799 flattu.

227 2823 305 2875 lautis
320 2835 347 2877 et
363 2824 495 2895 opiparis,
511 2827 572 2897 quia
588 2828 651 2881 tales
665 2839 741 2880 erant
827 2844 852 2879 a.
881 2828 913 2878 [ιι
935 2838 998 2896 potu
1018 2838 1090 2896 atque
1111 2825 1246 2877 hilaritate.
1266 2826 1300 2879 In

227 2902 368 2957 Saliorum.
379 2902 451 2957 Vide
465 2904 580 2959 Festum.
594 2906 685 2961 Hono.
785 2906 873 2979 epulis
887 2916 1029 2959 coronatos
1043 2905 1196 2958 accubuisse
1210 2916 1299 2958 osten·

268 2982 741 3053 7.!loscria.Coronessciliceterclis
784 2982 854 3039 dunt
882 2984 1072 3057 Aristophanes
1093 2984 1121 3037 in
1141 2984 1299 3055 Equitibna‚

230 3063 305 3117 rosis.
322 3064 426 3117 Danau.
784 3066 871 3118 Plaut.
883 3064 911 3116 in
926 3062 1023 3119 Pseud.
1037 3062 1120 3117 Ovid.
1137 3064 1207 3117 Fast.
1224 3063 1297 3137 337:

268 3144 294 3195 8.
305 3143 362 3197 Nisi
369 3142 509 3209 merosolr'o.
517 3144 647 3197 Rosarunr
658 3144 739 3208 loliis,
784 3166 796 3188 ·
811 3144 920 3203 Ebrius,
933 3144 1055 3199 incinctis
1068 3144 1175 3217 philyra
1184 3143 1297 3198 conviva

226 3221 348 3293 equibus
358 3221 448 3276 sutiles
455 3241 665 3296 coronasquuru
674 3225 741 3278 anti·
783 3224 902 3295 capillis,
915 3224 1011 3286 saltat,
1024 3236 1052 3277 et
1071 3222 1229 3296 imprudens
1244 3226 1297 3277 nti·

224 3302 316 3373 quitus
324 3314 385 3356 totas
394 3302 588 3357 rosnsutilibns
597 3304 740 3359 insereren-
783 3315 827 3357 tur
838 3316 894 3357 arte
909 3303 985 3357 meri.
996 3328 1008 3350 ·
1021 3303 1101 3358 Conf.
1114 3302 1297 3374 llhodiginus‚

226 3394 279 3437 tur.
287 3380 339 3436 Sed
353 3400 385 3435 eo
398 3381 506 3435 taudem
517 3383 621 3437 luxuria
633 3400 740 3454 proces·
782 3384 828 3437 lib.
850 3384 976 3448 xxva,
993 3402 1052 3454 cap.
1071 3387 1106 3437 26
1128 3396 1155 3437 et
1180 3389 1224 3436 at.
1237 3384 1298 3439 Huc

224 3460 434 3528 sit‚utl'astidits
448 3461 740 3535 gratiaflorispulcher·
782 3474 883 3536 spectat
896 3463 1007 3534 ancstio
1026 3460 1097 3533 apud
1113 3462 1249 3516 Plutarch.
1268 3464 1296 3517 in

223 3542 366 3615 rimi,ejus
376 3553 479 3595 tantum
487 3542 550 3595 lolia
560 3554 663 3597 retenta
674 3543 738 3609 sint,
782 3544 906 3615 Sympos.
922 3542 945 3601 Ι.
958 3542 975 3597 3
991 3560 998 3597 :
1012 3560 1046 3595 an
1056 3542 1128 3595 iuter
1142 3543 1239 3614 pocula
1252 3560 1298 3597 co·

222 3640 282 3692 quas
302 3621 393 3675 utalia
414 3622 472 3676 aliis
484 3622 566 3675 veluti
579 3624 738 3697 squamatim
780 3624 855 3676 rouia
869 3635 897 3676 et
912 3622 988 3675 scrtis
1008 3620 1141 3675 utendnrn
1162 3622 1207 3675 sit.
1227 3624 1297 3678 Dar..

223 3702 410 3768 insererentur,
420 3702 525 3756 iuventa
534 3714 573 3755 est
588 3702 737 3758 conditurus
781 3734 821 3745 —
831 3702 954 3755 Scelerata
966 3702 1104 3773 Cleopatra
1115 3702 1221 3758 solertia.
1236 3702 1297 3768 Qus

222 3781 310 3845 ratio,
330 3800 382 3852 qua
404 3782 442 3835 sic
467 3795 664 3837 macerarentur
678 3823 686 3848 ,
705 3797 736 3838 ut
779 3780 897 3835 odorum
911 3780 938 3834 vi
951 3781 1063 3836 solerter
1074 3800 1105 3837 ac
1120 3782 1246 3837 scelerate
1257 3784 1298 3837 uti

221 3860 439 3926 nranusartificis,
447 3874 473 3913 et
485 3876 628 3932 puncturas
636 3862 734 3934 quibus
779 3862 857 3915 norit
867 3861 1018 3932 Cleopatra.
1030 3863 1082 3915 En.

220 3953 404 4001 necterentur.
426 3940 482 4011 pati
501 3955 617 4013 possent.
641 3941 736 3995 Tradit
823 3942 850 3994 3.
867 3942 959 3994 Fertur
970 3961 1061 4012 paron
1074 3943 1126 4012 ejas
1146 3942 1237 3993 lusisse.
1251 3940 1297 3995 Sic

221 4038 279 4072 eam
287 4020 418 4074 rationem
430 4020 504 4091 Apic.
515 4020 549 4075 de
562 4024 600 4075 tte
610 4022 670 4076 Cul.
678 4041 701 4076 c.
714 4040 736 4076 ι.
781 4020 889 4090 quidem
900 4024 963 4075 Vct.
974 4020 1020 4075 sed
1034 4024 1119 4095 placet
1133 4023 1214 4091 magis
1224 4022 1295 4093 lega·

220 4098 379 4155 H.-Folio.
394 4102 532 4156 llosurum.
545 4101 616 4155 Male
627 4101 736 4173 quidam
782 4113 836 4169 tur,
847 4104 934 4171 pavori
944 4104 995 4171 ejus
1006 4102 1114 4156 illusisse.
1125 4102 1194 4154 Dur..
