2925 5009
281 453 347 521 ou
370 450 577 521 nouum
601 450 891 521 uurnuunn.
1054 452 1119 546 t7fl

214 565 297 636 lieris
311 580 445 647 ddusirut,
458 584 523 653 φίλοι
536 582 578 635 lia
595 578 768 654 nuptm-lle.

275 713 342 725 .....
355 678 452 740 maudo
463 694 549 725 meror
560 679 693 741 quampiam
709 680 875 741 occupaverit,

206 754 296 800 ldesae
308 758 409 801 amicum
422 758 441 799 si
454 754 535 810 ridet,
548 762 630 801 neret
642 756 728 801 miuus.

64 878 120 930 llam
134 876 211 931 dulce
224 878 330 933 afflicto
343 892 383 933 eat
395 882 426 941 εἰς
445 882 536 951 u'ppur’
553 883 618 935 stim
636 882 713 951 φωτὸς
728 877 867 950 ὶμέλίπιιν,
882 878 931 933 ·iu
940 878 1032 932 oculos
1042 880 1122 933 amici

63 965 165 1019 houmis
179 967 332 1041 inspicere,
350 994 362 1015 ι
379 982 408 1021 ut
427 968 511 1041 iuquit
529 967 681 1041 Euripides.
702 970 758 1022 Nec
770 987 854 1041 quum
867 966 942 1022 adest
953 968 1069 1031 Helena,
1086 970 1121 1023 si·

64 1054 160 1109 lentium
175 1068 266 1118 tenet,
277 1056 324 1110 sed
336 1058 471 1130 loquitur,
489 1070 516 1111 et
529 1058 682 1129 alloquitur.

91 1143 153 1197 llice
164 1148 288 1200 narratio
302 1147 440 1220 illaquam
455 1146 838 1219 tantopereiudclinimeutum
845 1146 965 1200 moeroris
971 1148 1122 1203 Macrobius

65 1243 86 1281 et
98 1232 249 1288 Plutarchus
265 1249 329 1288 suut
353 1234 495 1299 admirati,
509 1247 539 1288 ut
553 1254 611 1287 eam
626 1236 725 1299 solam,
738 1233 866 1306 aliudque
878 1234 966 1300 nihil,
981 1237 1124 1307 uepeutbee

64 1337 110 1371 erse
121 1322 314 1377 contenderint.
328 1324 363 1376 Et
380 1324 487 1397 quidem
502 1338 600 1397 praeter
609 1324 659 1377 hoc
670 1362 678 1388 ,
691 1322 764 1396 quod
775 1324 898 1395 superius
909 1323 1017 1377 minime
1029 1344 1124 1379 verum

66 1426 112 1461 caue
122 1411 310 1481 probavimus,
323 1432 446 1487 maguum
457 1414 509 1465 vim
523 1424 603 1485 atque
617 1411 762 1465 efficaciam
774 1412 866 1467 voleus
878 1412 1016 1485 libensque
1028 1413 1126 1486 imper·

66 1497 113 1548 tior.
134 1498 203 1553 illud
223 1502 339 1573 insuper
360 1501 456 1555 addo:
473 1502 628 1575 hujuemodi
646 1501 852 1561 narrationem,
876 1520 931 1555 uon
949 1502 1036 1555 solum
1060 1504 1124 1565 ὅπως

67 1585 179 1658 ἆκγιοῖοι
193 1596 227 1641 ria
236 1596 327 1659 ποιητῇ
336 1591 437 1643 laruilu
448 1593 488 1645 ria
495 1597 536 1651 τὶς
546 1580 630 1651 hlium
643 1586 742 1642 leiwid
743 1608 776 1643 ιον
784 1628 794 1655 ,
805 1599 835 1641 ul
847 1588 936 1661 inquit
948 1588 1104 1645 Eustathius
1116 1630 1124 1657 ,

67 1670 126 1725 velat
138 1676 322 1729 necessarium
340 1675 508 1748 epicodium,
526 1674 559 1729 ad
575 1674 753 1747 quarumdam
769 1693 861 1728 rerum
876 1674 910 1727 de
921 1675 1016 1749 Ulysse
1032 1679 1124 1751 cogni.

68 1758 166 1829 tionem,
176 1782 239 1835 qua
255 1764 368 1819 aliunde
382 1765 444 1818 sciri
463 1783 519 1817 nou
538 1776 665 1837 possem:
689 1762 736 1817 sed
747 1762 928 1835 principaliter
939 1778 965 1817 et
978 1784 1011 1818 ex
1027 1784 1125 1841 propo

71 1848 108 1901 sito
117 1850 148 1902 ab
165 1852 287 1907 llomero
302 1852 444 1907 confictam
456 1854 483 1905 in
496 1852 646 1925 lugentium
658 1850 794 1923 hospitum
806 1850 1021 1919 delectationem,
1030 1867 1057 1908 et
1068 1855 1126 1907 reri

72 1939 199 2008 urpenthua
222 1942 466 2015 complementum.
484 1940 565 2007 Quod
586 1939 670 2013 ipsiua
683 1940 793 1993 Helen·
806 1939 885 1993 verbo
898 1958 1028 2015 perquem
1041 1944 1126 1995 mani·

71 2026 268 2101 iesteapen'uut,
285 2032 394 2084 Homer.
406 2030 503 2103 Odyss.
519 2030 569 2083 loc.
588 2028 662 2083 laud.

211 2142 275 2205 hrot
290 2159 332 2205 νῦν
343 2148 460 2207 duiiuule
476 2150 606 2222 xaltipsuot
622 2151 645 2201 tv
661 2148 805 2221 μιγάοοιοι.

211 2240 266 2295 Kui
283 2240 366 2310 μύθοις
381 2242 516 2310 rlpmols·
538 2239 635 2291 lutxo'rc
648 2235 695 2307 γὰρ
708 2236 847 2299 curalio.

207 2336 291 2393 Quare
308 2349 372 2379 nuuc
383 2330 537 2379 coutimini
554 2332 661 2378 sedeates
671 2331 696 2377 iu
707 2330 812 2383 edibus,

208 2410 237 2455 tu
253 2408 401 2455 sermonibus
415 2407 579 2461 delectamiui;
596 2406 702 2454 dormitis
718 2409 782 2453 euim
796 2405 881 2453 ordine
893 2406 979 2454 dicam.

76 2534 191 2603 Rursum,
212 2552 239 2593 et
256 2540 286 2593 in
305 2537 357 2591 hac
372 2556 469 2601 causa,
487 2535 555 2591 illud
573 2536 683 2591 minime
699 2536 934 2609 pretereundum,
956 2536 1031 2609 quod
1050 2538 1131 2611 hujus

76 2622 164 2679 Helm:
181 2628 313 2681 orationis
334 2626 480 2680 efficaciam
502 2644 671 2698 summopere
689 2636 817 2697 exauget,
832 2636 863 2676 ut
883 2624 1078 2697 desperandum
1098 2628 1130 2681 sit

78 2728 176 2781 uuquam
188 2712 342 2785 egrrsoeuti
358 2711 439 2765 alicui
453 2710 482 2763 id
495 2710 649 2783 contingere
663 2728 742 2781 posse
756 2710 880 2762 solatium
892 2747 901 2774 ,
911 2712 986 2781 cujus
996 2710 1030 2763 ad
1041 2730 1129 2764 exem·

78 2796 129 2864 phr,
140 2809 218 2872 utque
231 2801 343 2853 Paetum
357 2798 448 2861 decet,
462 2796 631 2861 admirabile,
642 2797 694 2849 hoc
708 2797 760 2849 tale
773 2796 808 2849 ab
823 2796 941 2849 Homero
951 2800 1129 2869 proponitur:

78 2896 99 2935 et
112 2884 170 2939 illud
182 2900 236 2953 eet,
253 2900 285 2941 ut
298 2891 353 2961 jam
372 2886 543 2948 monuimus,
556 2884 661 2937 Helene
677 2882 848 2955 pulchritudo
861 2895 889 2936 et
898 2896 1016 2939 ornatur.
1027 2886 1066 2939 lle
1078 2906 1128 2958 qua

80 2972 253 3029 tnnmttateet
269 2976 360 3049 aliqua
376 2973 491 3028 exordiri
504 2972 613 3035 vellem,
626 2990 682 3026 rem
696 2971 819 3044 proiecto
833 2989 1055 3043 stipemamneam
1070 2994 1131 3046 uge-

80 3076 137 3121 Μὴ
150 3080 230 3135 quum
250 3065 314 3118 eatis
335 3063 491 3117 Grecorum
511 3060 642 3125 historiis,
656 3060 724 3113 Asiae
739 3072 819 3131 atque
831 3059 948 3131 Europ·
962 3062 1132 3118 contentione

82 3148 107 3199 tit
119 3151 179 3205 clara
189 3174 196 3204 ι
205 3165 233 3207 et
250 3153 348 3227 paaaim
361 3165 502 3225 poetarum
520 3160 663 3204 occurrant
682 3148 848 3211 teatimonia,
867 3166 917 3202 uec
936 3147 1023 3202 desint
1036 3152 1129 3221 optimi

82 3250 193 3303 oratores,
207 3242 255 3314 qui
269 3242 396 3314 peculiari
409 3258 531 3294 sermone
544 3240 600 3311 cjuu
613 3236 706 3292 laudes
724 3236 917 3291 celebraverint
934 3254 941 3290 :
965 3250 995 3290 ut
1005 3238 1129 3311 Gorgiae,

83 3323 141 3380 Orat
153 3328 185 3382 de
197 3331 310 3395 lieleua,
322 3330 471 3403 homin,
490 3328 599 3381 Helene
613 3326 684 3379 laud.
701 3344 817 3397 eumque
831 3325 972 3378 emulatus
986 3327 1130 3391 Lucienus,

84 3414 128 3468 tire
138 3420 251 3493 quisquis
271 3420 315 3473 ille
334 3418 428 3484 luerit,
444 3416 492 3489 qui
512 3418 688 3477 Charidemus,
711 3412 755 3467 rel
777 3412 811 3467 de
828 3412 1029 3485 pulchritudine
1044 3416 1131 3467 Dialo-

86 3518 149 3571 gum,
166 3508 312 3580 scripserit:
338 3505 373 3560 ad
391 3504 462 3558 hanc
473 3502 590 3577 respexit
600 3502 734 3557 Homerus
747 3501 812 3555 ibid.
827 3500 933 3556 Helene
949 3502 1063 3575 speciem
1078 3502 1132 3557 ‹lete

85 3590 222 3649 *imillituem
235 3596 333 3651 iaciens
343 3636 352 3664 ,
363 3610 447 3666 quum
458 3591 495 3646 ait
507 3610 515 3645 τ

223 3712 257 3777 he
269 3718 296 3775 δ’
306 3714 381 3776 hilm
397 3720 515 3791 θαλάμοιο
531 3714 636 3779 lucidare
650 3716 775 3789 ὑψορόφοιο

225 3800 330 3877 mutii,
340 3802 461 3882 lprtpttt
474 3808 653 3879 χρυσηλακάτῳ
666 3808 754 3860 ιῖιωῖιι.

221 3919 369 3967 lielmrero
380 3932 409 3965 es
422 3916 524 3963 thalaum
536 3914 657 3963 odorilm
673 3912 768 3959 excelso

221 4000 314 4061 lleresxa
323 4009 373 4053 eat,
388 3998 469 4045 Diana
483 4010 580 4043 aureum
592 4010 672 4041 arcum
686 3995 775 4040 tenenti
786 3991 875 4039 cimilia.

94 4121 122 4175 Et
132 4124 273 4191 ltbeuaeus,
286 4126 414 4199 Deipuoa.
431 4122 476 4177 lib.
485 4122 521 4185 V,
531 4132 603 4173 uotat
616 4157 623 4183 ,
635 4116 826 4172 Telemachum
838 4117 1057 4189 Pisistratumque
1069 4116 1134 4171 atlco
