2925 5009
298 434 346 508 tio
574 438 614 508 C.
639 438 809 511 PLlNll
834 440 944 511 m.
971 438 1095 509 utst.

297 592 316 637 a
335 582 449 663 parte,
470 594 539 665 quo
558 569 639 642 nihil
662 596 734 643 esse
755 572 906 643 fallacius
926 585 1055 668 potest,
1075 570 1140 641 nisi
1158 571 1253 666 quod
1273 570 1392 643 livore

296 672 601 769 deprehenduntur.
615 678 707 768 Quid
716 679 779 749 sibi
792 679 937 751 soluisse
948 693 1102 749 naturam
1118 679 1158 747 iis
1171 678 1393 751 arbitremur

295 780 436 870 insidiis,
456 797 496 852 ut
516 783 559 852 ab
574 784 688 853 iisdem
704 786 844 881 apibus,
862 810 926 856 nec
944 783 1101 855 omnibus
1119 786 1215 855 annis
1229 783 1389 875 fierent,

294 901 441 957 autnon
463 890 541 960 tntis
563 888 670 961 lavis?
693 878 837 961 Parum⁵
859 907 932 963 erat
953 892 1107 986 genuisse
1127 914 1222 974 rem,
1244 892 1286 961 in
1311 917 1388 987 qus

293 1015 459 1064 venenum
475 994 629 1066 facillime
643 995 802 1067 dareturs
818 1000 963 1069 etiamne
980 996 1047 1067 hoc
1062 998 1134 1092 ipsa
1146 998 1183 1065 in
1197 996 1306 1068 melle
1328 1013 1387 1069 tot

259 1137 274 1171 s
294 1099 490 1170 animalibus
509 1100 622 1171 dedit?
641 1102 735 1193 Quid
754 1104 817 1175 sibi
833 1103 961 1190 voluit,
977 1105 1041 1173 nisi
1055 1117 1094 1173 ut
1106 1105 1300 1175 cautiorem
1320 1107 1386 1175 nsi·

293 1228 422 1300 nusque
439 1207 574 1278 avidum
592 1208 716 1280 faceret
728 1208 918 1281 hominem?
935 1211 1014 1281 Non
1029 1193 1133 1279 enim⁶
1150 1222 1185 1279 et
1201 1212 1287 1305 ipsis
1300 1210 1384 1305 jam

292 1311 410 1406 apibus
435 1313 588 1409 cuspides
608 1314 769 1405 dederat,
790 1332 824 1387 et
839 1316 974 1412 quidem
997 1314 1195 1385 venenatas?
1215 1317 1382 1387 remedio

255 1438 272 1494 3
290 1416 449 1489 adversus
468 1420 527 1490 has
546 1422 660 1516 utique
676 1447 745 1492 non
767 1422 962 1493 differendo.
987 1424 1079 1517 Ergo
1101 1420 1235 1491 malvas⁷
1251 1448 1380 1511 succo,

288 1537 348 1592 aut
358 1523 513 1595 loliorum
528 1526 635 1597 ederae
648 1531 788 1623 perungi
805 1528 948 1599 salutare
960 1542 1011 1597 est
1024 1582 1035 1616 ,
1050 1527 1103 1597 vel
1115 1552 1296 1623 percussos
1312 1554 1378 1600 eas

289 1626 414 1700 bibere.
434 1618 580 1701 Mirum⁰
599 1648 710 1703 tamen
726 1650 792 1720 est,
803 1660 931 1705 venena
952 1648 1124 1731 portantes
1141 1658 1217 1719 ore,
1236 1634 1379 1732 fingen-

276 1748 403 1831 tesque
417 1738 505 1833 ipsas
521 1763 589 1809 non
608 1741 716 1810 mori:
742 1742 805 1811 nisi
821 1741 913 1836 quod
929 1740 984 1810 illa
1003 1740 1139 1809 domina
1153 1764 1268 1811 rerum
1290 1768 1373 1813 om·

285 1840 377 1911 nium
397 1843 484 1915 hanc
505 1844 597 1915 dedit
611 1848 864 1943 repugnantiam
886 1846 1023 1943 apibus,
1047 1848 1133 1917 sicut
1151 1861 1272 1917 contra
1294 1874 1370 1921 ser·

282 1961 399 2040 pentes
411 1950 549 2047 Psyllis⁹
567 1954 754 2048 Marsisque
772 1955 860 2023 inter
875 1954 1037 2024 homines

250 2091 263 2127 ι
336 2058 458 2127 XLVL
478 2046 603 2161 (qv.)
619 2058 716 2129 uliud
735 2061 769 2128 in
787 2061 889 2130 Creta
910 2057 1107 2130 miraculum
1121 2056 1237 2129 mellis.
1254 2061 1371 2132 Mons

282 2174 334 2229 est
352 2162 496 2233 Carina¹
519 2188 556 2235 rx
577 2186 617 2235 ss.
636 2190 793 2259 passuum
813 2167 968 2235 ambitu:
991 2168 1080 2235 intra
1101 2164 1192 2259 quod
1210 2169 1363 2261 spatium

282 2289 404 2338 muscae
431 2295 499 2339 non
519 2272 743 2365 reperiuntur,
760 2287 942 2367 natumque
958 2273 1006 2342 ibi
1026 2269 1092 2341 mel
1113 2296 1280 2366 nusquam
1302 2289 1361 2344 at-

281 2372 426 2468 tingunt.
443 2379 516 2447 Hoc
529 2378 756 2473 experimento
769 2377 937 2475 singulare
948 2377 1197 2449 medicamentis
1205 2376 1360 2475 eligitur.

321 2564 348 2619 d.
362 2564 454 2617 Parum
471 2568 533 2618 esim
547 2576 600 2618 erat
617 2560 674 2628 (sic
690 2558 787 2635 olim).
831 2566 954 2636 proiecto
965 2583 1058 2619 sensns
1071 2564 1176 2629 nnllns,
1197 2583 1288 2637 nsque
1308 2568 1363 2622 hie

276 2644 410 2699 Particnls
420 2648 482 2697 miss
492 2645 609 2716 optimus
623 2664 679 2699 non
694 2644 787 2700 utitur.
831 2646 907 2700 melli
919 2647 994 2700 locus
1006 2658 1054 2698 est.
1069 2644 1364 2701 Gau-Hactenus

275 2724 367 2779 Livius
378 2726 425 2779 lib.
436 2724 512 2789 m,
522 2724 788 2780 inoratflaunibslis
831 2725 953 2779 Gronov.
977 2736 1006 2777 et
1032 2722 1145 2779 totidem
1172 2725 1229 2779 lere
1257 2728 1357 2781 serbis

275 2802 309 2858 sd
318 2805 466 2860 exercitum
478 2803 550 2877 apud
564 2804 705 2859 Ticinum:
720 2806 789 2859 «Ps-
832 2804 917 2859 Hasd.
932 2805 987 2859 En.

274 2902 337 2937 rum
353 2896 409 2954 est,
424 2882 499 2957 quod
515 2884 668 2939 veterrimas
677 2885 788 2955 provin·
871 2903 899 2955 7.
912 2886 984 2955 Ergo
1000 2882 1093 2937 aba.
1113 2884 1204 2937 Diosc.
1216 2884 1285 2939 Birt.
1300 2885 1352 2952 11,

273 2963 327 3019 cias
349 2982 420 3019 mess
441 2963 558 3018 Siciliam
584 2976 612 3018 et
634 2962 785 3018 Ssrdinitm
832 2962 1123 3036 sss,p.116.l{sssn.

272 3042 415 3098 adimisis
443 3042 546 3096 Plinius
569 3042 618 3097 lib.
639 3044 693 3102 lx,
721 3044 784 3099 ³5:
870 3046 898 3098 8.
910 3040 1116 3097 Μίνωι.Μίητί
1129 3043 1352 3116 subit,cus·spes

276 3122 390 3177 tPsrum
397 3122 784 3195 scilieetenrfingumoonti
827 3122 892 3196 ipsss
910 3142 966 3177 non
985 3122 1146 3189 morumne,
1166 3140 1227 3194 qne
1239 3141 1353 3179 venena

272 3204 371 3269 russis,
381 3203 432 3257 nisi
448 3202 581 3265 manibus,
595 3203 717 3267 auribus,
730 3214 782 3259 stc.
826 3215 1000 3276 portentose,
1011 3202 1270 3273 strenenslingont
1285 3204 1323 3259 Η.

269 3294 472 3355 gestarentur.-
502 3280 631 3335 Ibidem:
659 3284 782 3337 sl’arnns
865 3302 894 3351 9.
908 3283 1008 3351 Psyllis.
1023 3281 1289 3354 Deqnilsmdictnm
1302 3298 1349 3339 est

270 3375 325 3428 est,
345 3362 397 3417 nisi
418 3360 464 3434 qui
487 3360 622 3416 vescimur
639 3362 782 3433 periculis,
827 3362 900 3422 ΠΙ,
916 3383 943 3417 s.
956 3360 1049 3415 Euan.

269 3442 350 3496 etiam
363 3444 513 3497 vestiamur.
526 3467 538 3490 ι
553 3442 645 3496 anos.
865 3442 963 3497 van
981 3460 1006 3495 1.
1024 3440 1098 3495 stom
1113 3453 1151 3495 est
1169 3441 1272 3496 carim
1292 3440 1341 3499 Sic

310 3526 337 3576 6.
353 3523 410 3576 Non
422 3526 484 3575 euim
497 3525 543 3593 ipsi
555 3522 634 3587 melli,
645 3522 781 3594 sadapttu
824 3520 902 3577 MSS.
917 3524 999 3593 lica·
1016 3520 1095 3575 colb.
1109 3541 1138 3587 s,
1154 3532 1205 3575 etc.
1219 3520 1342 3587 Quidam

263 3598 338 3673 jam(
345 3602 382 3656 sic
394 3602 441 3656 lib.
455 3612 518 3656 snte
530 3600 612 3656 Hasd.
625 3599 714 3667 aditi).
727 3604 780 3656 Ite·
825 3600 925 3655 Carnu.
937 3601 1016 3657 Colls.
1029 3619 1056 3665 t,
1067 3600 1172 3654 Nerine.
1180 3602 1261 3656 Forte
1272 3602 1342 3656 Car·-

266 3701 328 3737 rum
340 3682 466 3736 brevius:
485 3708 497 3730 ι
510 3701 566 3735 non
580 3682 652 3735 enim
669 3694 697 3735 st
708 3682 780 3755 'ipsis
822 3683 881 3736 sta:
891 3683 969 3753 cujus
979 3680 1097 3734 nominis
1106 3692 1225 3735 montem
1239 3682 1268 3734 in
1284 3684 1341 3737 Ar·

263 3763 319 3835 jam
333 3764 427 3835 apibus
437 3760 562 3833 cuspides
572 3758 708 3816 dederat·
719 3764 780 3817 Hoc
822 3760 898 3815 cadis
911 3780 969 3816 esse
982 3773 1076 3814 auctor
1091 3773 1131 3814 est
1144 3760 1339 3831 Callimachus,

265 3855 319 3907 est,
335 3841 410 3915 quasi
424 3842 629 3913 nontpesipse
639 3842 778 3907 baberent,
821 3841 916 3914 lsysnn.
934 3841 964 3894 in
981 3842 1060 3895 Dian.
1083 3859 1110 3894 v.
1135 3858 1197 3911 ¹⁰9·
1210 3840 1338 3897 Mentem

264 3942 319 3995 quo
342 3921 437 3977 ledere
458 3933 577 3993 possent,
598 3934 625 3975 et
639 3920 777 3976 hominem
821 3922 922 3985 Crete,
942 3921 1022 3976 melle
1041 3921 1178 3985 nubilem,
1194 3932 1225 3973 ut
1238 3921 1339 3977 Attico

263 4016 371 4058 cautum
393 4020 448 4056 esse
466 4000 607 4073 minusque
624 4002 709 4056 mellis
728 4020 775 4074 ap·
818 4000 976 4073 Hymettum
995 4012 1089 4055 anuos
1110 4000 1197 4071 Geop.
1219 4001 1282 4064 ΧΥ,
1304 4022 1332 4070 7,

263 4094 400 4156 petentem
428 4095 563 4154 cogerent.
589 4082 624 4137 Et
661 4082 773 4154 vulgata
818 4074 1034 4155 dspspappeplss
1055 4094 1141 4135 vocat.
1153 4079 1186 4135 Η.
1204 4082 1331 4137 -uros
