<?xml version="1.0" encoding="UTF-8"?>
<!DOCTYPE html PUBLIC "-//W3C//DTD XHTML 1.0 Transitional//EN"
    "http://www.w3.org/TR/xhtml1/DTD/xhtml1-transitional.dtd">
<html xmlns="http://www.w3.org/1999/xhtml" xml:lang="en" lang="en">
 <head>
  <title>
</title>
<meta http-equiv="Content-Type" content="text/html;charset=utf-8" />
  <meta name='ocr-system' content='tesseract 3.04.00' />
  <meta name='ocr-capabilities' content='ocr_page ocr_carea ocr_par ocr_line ocrx_word'/>
</head>
<body>
  <div class='ocr_page' id='page_1' title='image "./caiipliniisecun03plingoog_0640.png"; bbox 0 0 2925 5009; ppageno 0'>
   <div class='ocr_carea' id='block_1_1' title="bbox 455 445 1143 548">
    <p class='ocr_par' dir='ltr' id='par_1_1' title="bbox 455 445 1143 548">
     <span class='ocr_line' id='line_1_1' title="bbox 455 445 1143 548; baseline 0.01 -33"><span class='ocrx_word' id='word_1_1' title='bbox 455 445 611 516; x_wconf 79' lang='lat' dir='ltr'>maun</span> <span class='ocrx_word' id='word_1_2' title='bbox 637 447 756 519; x_wconf 81' lang='lat' dir='ltr'>xxv.</span> <span class='ocrx_word' id='word_1_3' title='bbox 1069 448 1143 548; x_wconf 69' lang='lat'>619</span> 
     </span>
    </p>
   </div>
   <div class='ocr_carea' id='block_1_2' title="bbox 60 563 1172 1949">
    <p class='ocr_par' dir='ltr' id='par_1_2' title="bbox 60 563 1172 1738">
     <span class='ocr_line' id='line_1_2' title="bbox 65 563 1142 671; baseline 0.007 -23"><span class='ocrx_word' id='word_1_4' title='bbox 65 563 186 648; x_wconf 83' lang='lat' dir='ltr'>men⁴:</span> <span class='ocrx_word' id='word_1_5' title='bbox 214 575 330 650; x_wconf 80' lang='lat' dir='ltr'>hocin</span> <span class='ocrx_word' id='word_1_6' title='bbox 349 574 569 671; x_wconf 79' lang='lat' dir='ltr'>baccis‚1psa</span> <span class='ocrx_word' id='word_1_7' title='bbox 586 578 711 650; x_wconf 86' lang='lat' dir='ltr'>herba</span> <span class='ocrx_word' id='word_1_8' title='bbox 702 603 737 646; x_wconf 86' lang='lat' dir='ltr'>ur</span> <span class='ocrx_word' id='word_1_9' title='bbox 754 563 878 649; x_wconf 79' lang='lat' dir='ltr'>vineis⁵</span> <span class='ocrx_word' id='word_1_10' title='bbox 892 578 1072 650; x_wconf 82' lang='lat' dir='ltr'>invenitur.</span> <span class='ocrx_word' id='word_1_11' title='bbox 1081 588 1142 660; x_wconf 84' lang='lat' dir='ltr'>Vis</span> 
     </span>
     <span class='ocr_line' id='line_1_3' title="bbox 65 667 1141 779; baseline 0.009 -25"><span class='ocrx_word' id='word_1_12' title='bbox 65 706 94 754; x_wconf 82' lang='lat' dir='ltr'>er</span> <span class='ocrx_word' id='word_1_13' title='bbox 86 683 155 754; x_wconf 84' lang='lat' dir='ltr'>ad</span> <span class='ocrx_word' id='word_1_14' title='bbox 177 667 465 779; x_wconf 77' lang='lat' dir='ltr'>refrigerandum⁶</span> <span class='ocrx_word' id='word_1_15' title='bbox 485 697 519 752; x_wconf 90' lang='lat' dir='ltr'>et</span> <span class='ocrx_word' id='word_1_16' title='bbox 539 683 816 759; x_wconf 87' lang='lat' dir='ltr'>discutiendum</span> <span class='ocrx_word' id='word_1_17' title='bbox 806 708 934 779; x_wconf 83' lang='lat' dir='ltr'>ingens.</span> <span class='ocrx_word' id='word_1_18' title='bbox 961 688 1116 760; x_wconf 88' lang='lat' dir='ltr'>Semcn</span> <span class='ocrx_word' id='word_1_19' title='bbox 1106 717 1141 764; x_wconf 89' lang='lat' dir='ltr'>m</span> 
     </span>
     <span class='ocr_line' id='line_1_4' title="bbox 63 789 1140 886; baseline 0.01 -29"><span class='ocrx_word' id='word_1_20' title='bbox 63 813 137 858; x_wconf 71' lang='lat' dir='ltr'>aaa.</span> <span class='ocrx_word' id='word_1_21' title='bbox 152 792 296 860; x_wconf 86' lang='lat' dir='ltr'>Frouu</span> <span class='ocrx_word' id='word_1_22' title='bbox 287 789 486 884; x_wconf 80' lang='lat' dir='ltr'>imponitur</span> <span class='ocrx_word' id='word_1_23' title='bbox 503 791 537 859; x_wconf 92' lang='lat' dir='ltr'>in</span> <span class='ocrx_word' id='word_1_24' title='bbox 554 789 669 860; x_wconf 86' lang='lat' dir='ltr'>dolore</span> <span class='ocrx_word' id='word_1_25' title='bbox 686 805 720 860; x_wconf 89' lang='lat' dir='ltr'>et</span> <span class='ocrx_word' id='word_1_26' title='bbox 743 791 967 886; x_wconf 83' lang='lat' dir='ltr'>temporibus,</span> <span class='ocrx_word' id='word_1_27' title='bbox 988 819 1028 864; x_wconf 83' lang='lat' dir='ltr'>cx</span> <span class='ocrx_word' id='word_1_28' title='bbox 1044 813 1140 868; x_wconf 86' lang='lat' dir='ltr'>aceto</span> 
     </span>
     <span class='ocr_line' id='line_1_5' title="bbox 62 887 1172 990; baseline 0.002 -26"><span class='ocrx_word' id='word_1_29' title='bbox 62 909 94 964; x_wconf 84' lang='lat' dir='ltr'>et</span> <span class='ocrx_word' id='word_1_30' title='bbox 112 923 273 981; x_wconf 84' lang='lat' dir='ltr'>rosaceo,</span> <span class='ocrx_word' id='word_1_31' title='bbox 291 912 350 965; x_wconf 87' lang='lat' dir='ltr'>aut</span> <span class='ocrx_word' id='word_1_32' title='bbox 367 921 478 990; x_wconf 85' lang='lat' dir='ltr'>posca.</span> <span class='ocrx_word' id='word_1_33' title='bbox 491 897 543 964; x_wconf 84' lang='lat' dir='ltr'>Ad</span> <span class='ocrx_word' id='word_1_34' title='bbox 562 911 682 966; x_wconf 85' lang='lat' dir='ltr'>caetera</span> <span class='ocrx_word' id='word_1_35' title='bbox 695 887 849 968; x_wconf 81' lang='lat' dir='ltr'>illinitur⁸</span> <span class='ocrx_word' id='word_1_36' title='bbox 867 900 1032 971; x_wconf 78' lang='lat' dir='ltr'>acetabuli</span> <span class='ocrx_word' id='word_1_37' title='bbox 1050 929 1139 974; x_wconf 89' lang='lat' dir='ltr'>mcu·</span> <span class='ocrx_word' id='word_1_38' title='bbox 1157 933 1172 966; x_wconf 73' lang='grc' dir='ltr'><strong>ι</strong></span> 
     </span>
     <span class='ocr_line' id='line_1_6' title="bbox 63 1002 1137 1099; baseline 0.009 -29"><span class='ocrx_word' id='word_1_39' title='bbox 63 1025 137 1070; x_wconf 81' lang='lat' dir='ltr'>sura</span> <span class='ocrx_word' id='word_1_40' title='bbox 159 1006 306 1073; x_wconf 79' lang='lat' dir='ltr'>sextario</span> <span class='ocrx_word' id='word_1_41' title='bbox 324 1028 437 1096; x_wconf 82' lang='lat' dir='ltr'>aquae3</span> <span class='ocrx_word' id='word_1_42' title='bbox 455 1002 572 1072; x_wconf 83' lang='lat' dir='ltr'>densat</span> <span class='ocrx_word' id='word_1_43' title='bbox 587 1027 622 1072; x_wconf 87' lang='lat' dir='ltr'>se</span> <span class='ocrx_word' id='word_1_44' title='bbox 643 1029 682 1074; x_wconf 90' lang='lat' dir='ltr'>ac</span> <span class='ocrx_word' id='word_1_45' title='bbox 703 1004 897 1074; x_wconf 85' lang='lat' dir='ltr'>contrahit:</span> <span class='ocrx_word' id='word_1_46' title='bbox 916 1021 996 1076; x_wconf 90' lang='lat' dir='ltr'>tunc</span> <span class='ocrx_word' id='word_1_47' title='bbox 1011 1023 1137 1099; x_wconf 86' lang='lat' dir='ltr'>terere,</span> 
     </span>
     <span class='ocr_line' id='line_1_7' title="bbox 61 1108 1137 1205; baseline 0.011 -29"><span class='ocrx_word' id='word_1_48' title='bbox 61 1122 93 1176; x_wconf 80' lang='lat' dir='ltr'>et</span> <span class='ocrx_word' id='word_1_49' title='bbox 114 1108 395 1180; x_wconf 87' lang='lat' dir='ltr'>crassitudinem⁹</span> <span class='ocrx_word' id='word_1_50' title='bbox 418 1109 535 1183; x_wconf 82' lang='lat' dir='ltr'>illinire</span> <span class='ocrx_word' id='word_1_51' title='bbox 558 1125 691 1204; x_wconf 89' lang='lat' dir='ltr'>oportet</span> <span class='ocrx_word' id='word_1_52' title='bbox 719 1112 917 1205; x_wconf 87' lang='lat' dir='ltr'>cuicumque</span> <span class='ocrx_word' id='word_1_53' title='bbox 945 1112 1073 1202; x_wconf 89' lang='lat' dir='ltr'>dolori,</span> <span class='ocrx_word' id='word_1_54' title='bbox 1103 1132 1137 1188; x_wconf 85' lang='lat' dir='ltr'>et</span> 
     </span>
     <span class='ocr_line' id='line_1_8' title="bbox 62 1213 1137 1312; baseline 0.01 -30"><span class='ocrx_word' id='word_1_55' title='bbox 62 1213 273 1302; x_wconf 87' lang='lat' dir='ltr'>collectioni,</span> <span class='ocrx_word' id='word_1_56' title='bbox 284 1215 611 1310; x_wconf 86' lang='lat' dir='ltr'>inflammatiouique.</span> <span class='ocrx_word' id='word_1_57' title='bbox 626 1219 670 1286; x_wconf 86' lang='lat' dir='ltr'>Et</span> <span class='ocrx_word' id='word_1_58' title='bbox 685 1216 879 1287; x_wconf 84' lang='lat' dir='ltr'>vulneribus</span> <span class='ocrx_word' id='word_1_59' title='bbox 892 1221 1010 1312; x_wconf 89' lang='lat' dir='ltr'>capitis</span> <span class='ocrx_word' id='word_1_60' title='bbox 1025 1221 1137 1294; x_wconf 87' lang='lat' dir='ltr'>mede·</span> 
     </span>
     <span class='ocr_line' id='line_1_9' title="bbox 61 1321 1136 1420; baseline 0.01 -32"><span class='ocrx_word' id='word_1_61' title='bbox 61 1333 113 1388; x_wconf 90' lang='lat' dir='ltr'>tur</span> <span class='ocrx_word' id='word_1_62' title='bbox 131 1322 367 1410; x_wconf 80' lang='lat' dir='ltr'>aristolochia,</span> <span class='ocrx_word' id='word_1_63' title='bbox 388 1321 494 1392; x_wconf 81' lang='lat' dir='ltr'>sraela</span> <span class='ocrx_word' id='word_1_64' title='bbox 511 1321 689 1392; x_wconf 72' lang='lat' dir='ltr'><strong>extrahens</strong></span> <span class='ocrx_word' id='word_1_65' title='bbox 704 1347 779 1392; x_wconf 91' lang='lat' dir='ltr'>ossa</span> <span class='ocrx_word' id='word_1_66' title='bbox 789 1321 825 1410; x_wconf 84' lang='lat'>¹⁰,</span> <span class='ocrx_word' id='word_1_67' title='bbox 836 1339 869 1392; x_wconf 90' lang='lat' dir='ltr'>et</span> <span class='ocrx_word' id='word_1_68' title='bbox 878 1326 913 1392; x_wconf 89' lang='lat' dir='ltr'>in</span> <span class='ocrx_word' id='word_1_69' title='bbox 925 1324 988 1394; x_wconf 90' lang='lat' dir='ltr'>alia</span> <span class='ocrx_word' id='word_1_70' title='bbox 1001 1327 1136 1420; x_wconf 84' lang='lat' dir='ltr'>quidem</span> 
     </span>
     <span class='ocr_line' id='line_1_10' title="bbox 62 1428 1133 1524; baseline 0.008 -28"><span class='ocrx_word' id='word_1_71' title='bbox 62 1443 154 1522; x_wconf 87' lang='lat' dir='ltr'>parte</span> <span class='ocrx_word' id='word_1_72' title='bbox 174 1431 346 1524; x_wconf 88' lang='lat' dir='ltr'>corporis,</span> <span class='ocrx_word' id='word_1_73' title='bbox 368 1428 426 1498; x_wconf 89' lang='lat' dir='ltr'>sed</span> <span class='ocrx_word' id='word_1_74' title='bbox 440 1431 581 1498; x_wconf 82' lang='lat' dir='ltr'>maxime</span> <span class='ocrx_word' id='word_1_75' title='bbox 596 1431 704 1524; x_wconf 88' lang='lat' dir='ltr'>capite</span> <span class='ocrx_word' id='word_1_76' title='bbox 720 1456 727 1498; x_wconf 91' lang='lat'><strong>:</strong></span> <span class='ocrx_word' id='word_1_77' title='bbox 748 1428 898 1499; x_wconf 88' lang='lat' dir='ltr'>similiter</span> <span class='ocrx_word' id='word_1_78' title='bbox 913 1429 1133 1524; x_wconf 84' lang='lat' dir='ltr'>plistolochia.</span> 
     </span>
     <span class='ocr_line' id='line_1_11' title="bbox 60 1533 1136 1632; baseline 0.008 -30"><span class='ocrx_word' id='word_1_79' title='bbox 60 1534 270 1627; x_wconf 80' lang='lat' dir='ltr'>Thysselium</span> <span class='ocrx_word' id='word_1_80' title='bbox 287 1534 367 1606; x_wconf 84' lang='lat' dir='ltr'>est¹¹</span> <span class='ocrx_word' id='word_1_81' title='bbox 389 1560 457 1603; x_wconf 90' lang='lat' dir='ltr'>uon</span> <span class='ocrx_word' id='word_1_82' title='bbox 471 1533 628 1606; x_wconf 85' lang='lat' dir='ltr'>dissimile</span> <span class='ocrx_word' id='word_1_83' title='bbox 639 1539 726 1632; x_wconf 88' lang='lat' dir='ltr'>apio.</span> <span class='ocrx_word' id='word_1_84' title='bbox 743 1535 850 1629; x_wconf 87' lang='lat' dir='ltr'>Hujus</span> <span class='ocrx_word' id='word_1_85' title='bbox 861 1535 955 1607; x_wconf 81' lang='lat' dir='ltr'>radix</span> <span class='ocrx_word' id='word_1_86' title='bbox 968 1563 1136 1611; x_wconf 85' lang='lat' dir='ltr'>comman-</span> 
     </span>
     <span class='ocr_line' id='line_1_12' title="bbox 62 1637 616 1738; baseline 0.002 -30"><span class='ocrx_word' id='word_1_87' title='bbox 62 1637 179 1710; x_wconf 83' lang='lat' dir='ltr'>ducata</span> <span class='ocrx_word' id='word_1_88' title='bbox 203 1655 326 1738; x_wconf 85' lang='lat' dir='ltr'>purgat</span> <span class='ocrx_word' id='word_1_89' title='bbox 341 1641 458 1736; x_wconf 88' lang='lat' dir='ltr'>capitis</span> <span class='ocrx_word' id='word_1_90' title='bbox 473 1643 616 1736; x_wconf 87' lang='lat' dir='ltr'>pituitas.</span> 
     </span>
    </p>

    <p class='ocr_par' dir='ltr' id='par_1_3' title="bbox 63 1741 1166 1949">
     <span class='ocr_line' id='line_1_13' title="bbox 108 1741 1166 1846; baseline 0 -30"><span class='ocrx_word' id='word_1_91' title='bbox 108 1741 318 1836; x_wconf 80' lang='lat' dir='ltr'>XC1.(xu.)</span> <span class='ocrx_word' id='word_1_92' title='bbox 341 1745 525 1818; x_wconf 87' lang='lat' dir='ltr'>Oculorum</span> <span class='ocrx_word' id='word_1_93' title='bbox 544 1749 648 1818; x_wconf 87' lang='lat' dir='ltr'>aciem</span> <span class='ocrx_word' id='word_1_94' title='bbox 670 1747 842 1818; x_wconf 86' lang='lat' dir='ltr'>centaurio</span> <span class='ocrx_word' id='word_1_95' title='bbox 864 1747 990 1842; x_wconf 85' lang='lat' dir='ltr'>majore</span> <span class='ocrx_word' id='word_1_96' title='bbox 1014 1765 1166 1846; x_wconf 76' lang='lat' dir='ltr'>putanti</span> 
     </span>
     <span class='ocr_line' id='line_1_14' title="bbox 63 1851 1134 1949; baseline 0.011 -30"><span class='ocrx_word' id='word_1_97' title='bbox 63 1851 229 1946; x_wconf 74' lang='lat' dir='ltr'>adjuvari,</span> <span class='ocrx_word' id='word_1_98' title='bbox 253 1857 280 1924; x_wconf 84' lang='lat' dir='ltr'>sl</span> <span class='ocrx_word' id='word_1_99' title='bbox 295 1853 407 1925; x_wconf 88' lang='lat' dir='ltr'>addita</span> <span class='ocrx_word' id='word_1_100' title='bbox 428 1879 513 1949; x_wconf 86' lang='lat' dir='ltr'>aqua</span> <span class='ocrx_word' id='word_1_101' title='bbox 540 1853 746 1924; x_wconf 83' lang='lat' dir='ltr'>foveantur¹</span> <span class='ocrx_word' id='word_1_102' title='bbox 769 1856 879 1924; x_wconf 87' lang='lat' dir='ltr'>Succo</span> <span class='ocrx_word' id='word_1_103' title='bbox 897 1881 978 1926; x_wconf 84' lang='lat' dir='ltr'>vcro</span> <span class='ocrx_word' id='word_1_104' title='bbox 995 1859 1134 1932; x_wconf 84' lang='lat' dir='ltr'>minoris</span> 
     </span>
    </p>
   </div>
   <div class='ocr_carea' id='block_1_3' title="bbox 61 2021 1131 4168">
    <p class='ocr_par' dir='ltr' id='par_1_4' title="bbox 61 2021 1131 4168">
     <span class='ocr_line' id='line_1_15' title="bbox 64 2021 1131 2098; baseline 0.007 -22"><span class='ocrx_word' id='word_1_105' title='bbox 64 2021 220 2094; x_wconf 78' lang='lat' dir='ltr'>Orpheusio</span> <span class='ocrx_word' id='word_1_106' title='bbox 229 2023 574 2094; x_wconf 71' lang='lat' dir='ltr'>Argonrurteiitouioto·</span> <span class='ocrx_word' id='word_1_107' title='bbox 615 2021 683 2076; x_wconf 77' lang='lat' dir='ltr'>sium</span> <span class='ocrx_word' id='word_1_108' title='bbox 694 2039 826 2094; x_wconf 76' lang='lat' dir='ltr'>squamas,</span> <span class='ocrx_word' id='word_1_109' title='bbox 833 2024 981 2090; x_wconf 62' lang='lat' dir='ltr'>maculem,</span> <span class='ocrx_word' id='word_1_110' title='bbox 988 2026 1131 2098; x_wconf 76' lang='lat' dir='ltr'>auspicula</span> 
     </span>
     <span class='ocr_line' id='line_1_16' title="bbox 61 2097 1128 2174; baseline 0.005 -20"><span class='ocrx_word' id='word_1_111' title='bbox 61 2097 99 2164; x_wconf 69' lang='lat' dir='ltr'>dis</span> <span class='ocrx_word' id='word_1_112' title='bbox 118 2117 213 2168; x_wconf 74' lang='lat' dir='ltr'>vocat,</span> <span class='ocrx_word' id='word_1_113' title='bbox 235 2119 361 2174; x_wconf 79' lang='lat' dir='ltr'>tanquam</span> <span class='ocrx_word' id='word_1_114' title='bbox 382 2103 493 2155; x_wconf 83' lang='lat' dir='ltr'>herbam</span> <span class='ocrx_word' id='word_1_115' title='bbox 515 2115 572 2156; x_wconf 90' lang='lat' dir='ltr'>tur·</span> <span class='ocrx_word' id='word_1_116' title='bbox 615 2103 755 2154; x_wconf 82' lang='lat' dir='ltr'>extrahere</span> <span class='ocrx_word' id='word_1_117' title='bbox 766 2101 866 2156; x_wconf 79' lang='lat' dir='ltr'>dicitur</span> <span class='ocrx_word' id='word_1_118' title='bbox 882 2123 898 2156; x_wconf 89' lang='lat' dir='ltr'>a</span> <span class='ocrx_word' id='word_1_119' title='bbox 920 2105 1010 2158; x_wconf 76' lang='lat' dir='ltr'>Diosc.</span> <span class='ocrx_word' id='word_1_120' title='bbox 1025 2107 1083 2171; x_wconf 86' lang='grc' dir='ltr'>ΙΙΙ,</span> <span class='ocrx_word' id='word_1_121' title='bbox 1100 2114 1128 2169; x_wconf 89' lang='grc'><strong>6</strong></span> 
     </span>
     <span class='ocr_line' id='line_1_17' title="bbox 64 2181 1127 2254; baseline 0.002 -17"><span class='ocrx_word' id='word_1_122' title='bbox 64 2197 153 2252; x_wconf 71' lang='lat' dir='ltr'>pesum</span> <span class='ocrx_word' id='word_1_123' title='bbox 167 2183 318 2238; x_wconf 76' lang='lat' dir='ltr'>deformem</span> <span class='ocrx_word' id='word_1_124' title='bbox 330 2194 447 2254; x_wconf 79' lang='lat' dir='ltr'>aspectu</span> <span class='ocrx_word' id='word_1_125' title='bbox 463 2185 532 2239; x_wconf 63' lang='lat' dir='ltr'>Dm.</span> <span class='ocrx_word' id='word_1_126' title='bbox 615 2181 686 2234; x_wconf 80' lang='lat' dir='ltr'>Vide</span> <span class='ocrx_word' id='word_1_127' title='bbox 700 2195 725 2234; x_wconf 87' lang='lat' dir='ltr'>et</span> <span class='ocrx_word' id='word_1_128' title='bbox 740 2183 879 2254; x_wconf 85' lang='lat' dir='ltr'>Theophr.</span> <span class='ocrx_word' id='word_1_129' title='bbox 892 2182 993 2239; x_wconf 83' lang='lat' dir='ltr'>Histor.</span> <span class='ocrx_word' id='word_1_130' title='bbox 1007 2186 1063 2250; x_wconf 78' lang='grc' dir='ltr'>ΙΧ,</span> <span class='ocrx_word' id='word_1_131' title='bbox 1081 2189 1127 2242; x_wconf 80' lang='lat'>13.</span> 
     </span>
     <span class='ocr_line' id='line_1_18' title="bbox 100 2225 1125 2338; baseline 0.003 -22"><span class='ocrx_word' id='word_1_132' title='bbox 100 2271 123 2326; x_wconf 69' lang='grc'>4.</span> <span class='ocrx_word' id='word_1_133' title='bbox 148 2265 222 2317; x_wconf 72' lang='lat' dir='ltr'>Unde</span> <span class='ocrx_word' id='word_1_134' title='bbox 240 2276 264 2315; x_wconf 82' lang='lat' dir='ltr'>et</span> <span class='ocrx_word' id='word_1_135' title='bbox 286 2283 379 2319; x_wconf 70' lang='lat' dir='ltr'>nomem</span> <span class='ocrx_word' id='word_1_136' title='bbox 401 2263 469 2316; x_wconf 83' lang='lat' dir='ltr'>Nam</span> <span class='ocrx_word' id='word_1_137' title='bbox 492 2264 571 2338; x_wconf 59' lang='lat' dir='ltr'>lym</span> <span class='ocrx_word' id='word_1_138' title='bbox 613 2258 717 2316; x_wconf 86' lang='lat' dir='ltr'>Thood.</span> <span class='ocrx_word' id='word_1_139' title='bbox 737 2262 818 2314; x_wconf 79' lang='lat' dir='ltr'>Prisc.</span> <span class='ocrx_word' id='word_1_140' title='bbox 833 2263 864 2326; x_wconf 89' lang='grc' dir='ltr'>Ι,</span> <span class='ocrx_word' id='word_1_141' title='bbox 884 2264 941 2316; x_wconf 74' lang='lat'>23:</span> <span class='ocrx_word' id='word_1_142' title='bbox 961 2290 976 2311; x_wconf 75' lang='grc' dir='ltr'>,ι</span> <span class='ocrx_word' id='word_1_143' title='bbox 992 2225 1125 2320; x_wconf 74' lang='lat' dir='ltr'>Arislolo·</span> 
     </span>
     <span class='ocr_line' id='line_1_19' title="bbox 62 2340 1126 2416; baseline 0.003 -19"><span class='ocrx_word' id='word_1_144' title='bbox 62 2343 168 2413; x_wconf 65' lang='lat' dir='ltr'>pulicem</span> <span class='ocrx_word' id='word_1_145' title='bbox 187 2344 261 2416; x_wconf 79' lang='lat' dir='ltr'>apud</span> <span class='ocrx_word' id='word_1_146' title='bbox 274 2343 382 2396; x_wconf 66' lang='lat' dir='ltr'>Graecos</span> <span class='ocrx_word' id='word_1_147' title='bbox 395 2355 478 2396; x_wconf 74' lang='lat' dir='ltr'>sonat</span> <span class='ocrx_word' id='word_1_148' title='bbox 496 2343 530 2396; x_wconf 87' lang='lat' dir='ltr'>H.</span> <span class='ocrx_word' id='word_1_149' title='bbox 612 2340 680 2392; x_wconf 80' lang='lat' dir='ltr'>chiae</span> <span class='ocrx_word' id='word_1_150' title='bbox 702 2341 790 2412; x_wconf 79' lang='lat' dir='ltr'>pulvis</span> <span class='ocrx_word' id='word_1_151' title='bbox 807 2343 938 2412; x_wconf 80' lang='lat' dir='ltr'>patefacto</span> <span class='ocrx_word' id='word_1_152' title='bbox 956 2344 1059 2396; x_wconf 85' lang='lat' dir='ltr'>vulneri</span> <span class='ocrx_word' id='word_1_153' title='bbox 1074 2347 1126 2400; x_wconf 88' lang='lat' dir='ltr'>im·</span> 
     </span>
     <span class='ocr_line' id='line_1_20' title="bbox 100 2417 1125 2494; baseline 0 -18"><span class='ocrx_word' id='word_1_154' title='bbox 100 2424 124 2476; x_wconf 79' lang='lat'>5.</span> <span class='ocrx_word' id='word_1_155' title='bbox 139 2425 197 2494; x_wconf 82' lang='lat' dir='ltr'>Ipso</span> <span class='ocrx_word' id='word_1_156' title='bbox 210 2423 283 2476; x_wconf 82' lang='lat' dir='ltr'>herba</span> <span class='ocrx_word' id='word_1_157' title='bbox 302 2425 428 2476; x_wconf 72' lang='lat' dir='ltr'>inclusis.</span> <span class='ocrx_word' id='word_1_158' title='bbox 447 2423 569 2476; x_wconf 83' lang='lat' dir='ltr'>Dioscor.</span> <span class='ocrx_word' id='word_1_159' title='bbox 611 2420 754 2490; x_wconf 84' lang='lat' dir='ltr'>ponendus</span> <span class='ocrx_word' id='word_1_160' title='bbox 774 2417 829 2488; x_wconf 82' lang='lat' dir='ltr'>esi,</span> <span class='ocrx_word' id='word_1_161' title='bbox 849 2434 875 2478; x_wconf 79' lang='lat' dir='ltr'>et</span> <span class='ocrx_word' id='word_1_162' title='bbox 889 2423 1006 2475; x_wconf 82' lang='lat' dir='ltr'>velocius</span> <span class='ocrx_word' id='word_1_163' title='bbox 1023 2426 1125 2483; x_wconf 64' lang='lat' dir='ltr'>exsiliet</span> 
     </span>
     <span class='ocr_line' id='line_1_21' title="bbox 64 2499 1121 2574; baseline 0.004 -22"><span class='ocrx_word' id='word_1_164' title='bbox 64 2501 218 2574; x_wconf 65' lang='grc' dir='ltr'>Ιιᾶρώραις,</span> <span class='ocrx_word' id='word_1_165' title='bbox 228 2506 256 2557; x_wconf 90' lang='lat' dir='ltr'>in</span> <span class='ocrx_word' id='word_1_166' title='bbox 267 2503 405 2568; x_wconf 78' lang='lat' dir='ltr'>arris,1V‚</span> <span class='ocrx_word' id='word_1_167' title='bbox 419 2521 463 2571; x_wconf 82' lang='lat'>7⁰·</span> <span class='ocrx_word' id='word_1_168' title='bbox 476 2503 569 2556; x_wconf 79' lang='lat' dir='ltr'>Hiuu.</span> <span class='ocrx_word' id='word_1_169' title='bbox 611 2499 704 2566; x_wconf 87' lang='lat' dir='ltr'>telum,</span> <span class='ocrx_word' id='word_1_170' title='bbox 713 2501 838 2554; x_wconf 81' lang='lat' dir='ltr'>autaliud</span> <span class='ocrx_word' id='word_1_171' title='bbox 847 2501 920 2572; x_wconf 90' lang='lat' dir='ltr'>quod</span> <span class='ocrx_word' id='word_1_172' title='bbox 927 2501 974 2556; x_wconf 87' lang='lat' dir='ltr'>‹liu</span> <span class='ocrx_word' id='word_1_173' title='bbox 984 2504 1121 2560; x_wconf 76' lang='lat' dir='ltr'>latuerit..</span> 
     </span>
     <span class='ocr_line' id='line_1_22' title="bbox 99 2574 1124 2655; baseline 0.003 -18"><span class='ocrx_word' id='word_1_174' title='bbox 99 2587 123 2637; x_wconf 85' lang='grc'>6.</span> <span class='ocrx_word' id='word_1_175' title='bbox 134 2587 177 2636; x_wconf 79' lang='lat' dir='ltr'>Vis</span> <span class='ocrx_word' id='word_1_176' title='bbox 190 2589 215 2638; x_wconf 81' lang='lat' dir='ltr'>ei</span> <span class='ocrx_word' id='word_1_177' title='bbox 224 2585 259 2637; x_wconf 78' lang='lat' dir='ltr'>ad</span> <span class='ocrx_word' id='word_1_178' title='bbox 267 2582 468 2655; x_wconf 64' lang='lat' dir='ltr'>refrigerandum.</span> <span class='ocrx_word' id='word_1_179' title='bbox 479 2583 568 2636; x_wconf 67' lang='lat' dir='ltr'>Dione.</span> <span class='ocrx_word' id='word_1_180' title='bbox 654 2599 665 2634; x_wconf 81' lang='grc' dir='ltr'>Ι</span> <span class='ocrx_word' id='word_1_181' title='bbox 676 2599 699 2634; x_wconf 84' lang='grc' dir='ltr'>Ι.</span> <span class='ocrx_word' id='word_1_182' title='bbox 714 2582 863 2652; x_wconf 72' lang='lat' dir='ltr'>Tlrjssels&#39;um</span> <span class='ocrx_word' id='word_1_183' title='bbox 877 2574 921 2646; x_wconf 76' lang='lat' dir='ltr'>es&#39;e,</span> <span class='ocrx_word' id='word_1_184' title='bbox 937 2595 990 2636; x_wconf 85' lang='lat' dir='ltr'>etc.</span> <span class='ocrx_word' id='word_1_185' title='bbox 998 2582 1064 2636; x_wconf 86' lang='lat' dir='ltr'>Eam</span> <span class='ocrx_word' id='word_1_186' title='bbox 1075 2584 1124 2640; x_wconf 85' lang='lat' dir='ltr'>de·</span> 
     </span>
     <span class='ocr_line' id='line_1_23' title="bbox 65 2659 1122 2734; baseline 0.001 -19"><span class='ocrx_word' id='word_1_187' title='bbox 65 2659 167 2718; x_wconf 61' lang='lat' dir='ltr'>loetit-</span> <span class='ocrx_word' id='word_1_188' title='bbox 184 2667 278 2720; x_wconf 78' lang='lat' dir='ltr'>Hauu</span> <span class='ocrx_word' id='word_1_189' title='bbox 608 2660 703 2714; x_wconf 80' lang='lat' dir='ltr'>scribit</span> <span class='ocrx_word' id='word_1_190' title='bbox 720 2659 874 2714; x_wconf 73' lang='lat' dir='ltr'>Dodonaeas</span> <span class='ocrx_word' id='word_1_191' title='bbox 893 2661 940 2712; x_wconf 92' lang='lat' dir='ltr'>lih.</span> <span class='ocrx_word' id='word_1_192' title='bbox 950 2663 1006 2727; x_wconf 89' lang='lat' dir='ltr'>VI,</span> <span class='ocrx_word' id='word_1_193' title='bbox 1027 2681 1051 2716; x_wconf 82' lang='lat' dir='ltr'>c.</span> <span class='ocrx_word' id='word_1_194' title='bbox 1069 2669 1122 2734; x_wconf 71' lang='grc'>46,</span> 
     </span>
     <span class='ocr_line' id='line_1_24' title="bbox 98 2701 1122 2814; baseline -0.001 -17"><span class='ocrx_word' id='word_1_195' title='bbox 98 2761 124 2812; x_wconf 86' lang='lat'>7.</span> <span class='ocrx_word' id='word_1_196' title='bbox 141 2746 381 2814; x_wconf 75' lang='lat' dir='ltr'>Fronsiirrpoaisur,</span> <span class='ocrx_word' id='word_1_197' title='bbox 402 2753 454 2795; x_wconf 83' lang='lat' dir='ltr'>cto.</span> <span class='ocrx_word' id='word_1_198' title='bbox 473 2740 566 2796; x_wconf 84' lang='lat' dir='ltr'>Diosc.</span> <span class='ocrx_word' id='word_1_199' title='bbox 607 2739 718 2792; x_wconf 84' lang='lat' dir='ltr'>nomiae</span> <span class='ocrx_word' id='word_1_200' title='bbox 750 2739 925 2810; x_wconf 68' lang='lat' dir='ltr'>hpdrosolini.</span> <span class='ocrx_word' id='word_1_201' title='bbox 955 2701 1057 2796; x_wconf 67' lang='lat' dir='ltr'>Drino.</span> <span class='ocrx_word' id='word_1_202' title='bbox 1080 2775 1122 2786; x_wconf 92' lang='lat'>·-</span> 
     </span>
     <span class='ocr_line' id='line_1_25' title="bbox 66 2817 1119 2894; baseline 0.004 -19"><span class='ocrx_word' id='word_1_203' title='bbox 66 2817 109 2875; x_wconf 80' lang='lat' dir='ltr'>loe.</span> <span class='ocrx_word' id='word_1_204' title='bbox 122 2825 165 2878; x_wconf 78' lang='lat' dir='ltr'>cit.</span> <span class='ocrx_word' id='word_1_205' title='bbox 180 2838 208 2877; x_wconf 82' lang='lat' dir='ltr'>ct</span> <span class='ocrx_word' id='word_1_206' title='bbox 224 2825 288 2877; x_wconf 76' lang='grc' dir='ltr'><strong>Εὐπ.</strong></span> <span class='ocrx_word' id='word_1_207' title='bbox 305 2823 335 2884; x_wconf 94' lang='grc' dir='ltr'>Ι,</span> <span class='ocrx_word' id='word_1_208' title='bbox 353 2841 376 2876; x_wconf 87' lang='lat'>1.</span> <span class='ocrx_word' id='word_1_209' title='bbox 392 2821 484 2874; x_wconf 75' lang='lat' dir='ltr'>Haut).</span> <span class='ocrx_word' id='word_1_210' title='bbox 611 2819 768 2892; x_wconf 64' lang='lat' dir='ltr'>Tlrjsselium.</span> <span class='ocrx_word' id='word_1_211' title='bbox 796 2821 828 2872; x_wconf 86' lang='lat' dir='ltr'>Ia</span> <span class='ocrx_word' id='word_1_212' title='bbox 848 2821 925 2874; x_wconf 82' lang='lat' dir='ltr'>MSS.</span> <span class='ocrx_word' id='word_1_213' title='bbox 950 2821 1119 2894; x_wconf 65' lang='lat' dir='ltr'>Thrysellium.</span> 
     </span>
     <span class='ocr_line' id='line_1_26' title="bbox 98 2897 1119 2976; baseline 0.003 -22"><span class='ocrx_word' id='word_1_214' title='bbox 98 2903 180 2958; x_wconf 66' lang='grc' dir='ltr'>ΒΜ</span> <span class='ocrx_word' id='word_1_215' title='bbox 187 2917 247 2956; x_wconf 75' lang='lat' dir='ltr'>eret</span> <span class='ocrx_word' id='word_1_216' title='bbox 248 2923 276 2955; x_wconf 84' lang='lat' dir='ltr'>ra</span> <span class='ocrx_word' id='word_1_217' title='bbox 287 2903 401 2966; x_wconf 75' lang='lat' dir='ltr'>alluatur</span> <span class='ocrx_word' id='word_1_218' title='bbox 414 2914 463 2953; x_wconf 82' lang='lat' dir='ltr'>etc.</span> <span class='ocrx_word' id='word_1_219' title='bbox 474 2901 564 2954; x_wconf 76' lang='lat' dir='ltr'>Diosc.</span> <span class='ocrx_word' id='word_1_220' title='bbox 606 2897 628 2952; x_wconf 90' lang='grc' dir='ltr'><strong>Γ</strong></span> <span class='ocrx_word' id='word_1_221' title='bbox 629 2913 704 2957; x_wconf 82' lang='lat' dir='ltr'>orte</span> <span class='ocrx_word' id='word_1_222' title='bbox 723 2900 835 2970; x_wconf 69' lang='lat' dir='ltr'>oysell</span> <span class='ocrx_word' id='word_1_223' title='bbox 835 2919 907 2965; x_wconf 84' lang='lat' dir='ltr'>rum</span> <span class='ocrx_word' id='word_1_224' title='bbox 924 2902 1000 2971; x_wconf 79' lang='lat' dir='ltr'>quati</span> <span class='ocrx_word' id='word_1_225' title='bbox 1014 2921 1028 2954; x_wconf 77' lang='lat' dir='ltr'>a</span> <span class='ocrx_word' id='word_1_226' title='bbox 1042 2906 1119 2976; x_wconf 76' lang='grc' dir='ltr'>θρύον,</span> 
     </span>
     <span class='ocr_line' id='line_1_27' title="bbox 67 2938 1119 3052; baseline 0.004 -18"><span class='ocrx_word' id='word_1_227' title='bbox 67 2977 113 3034; x_wconf 88' lang='lat' dir='ltr'>l..c</span> <span class='ocrx_word' id='word_1_228' title='bbox 126 2989 164 3038; x_wconf 78' lang='grc' dir='ltr'>Δεῖ</span> <span class='ocrx_word' id='word_1_229' title='bbox 181 2979 213 3037; x_wconf 79' lang='lat' dir='ltr'>di</span> <span class='ocrx_word' id='word_1_230' title='bbox 234 2981 354 3051; x_wconf 66' lang='grc' dir='ltr'>Ιξυέἰφου</span> <span class='ocrx_word' id='word_1_231' title='bbox 379 2986 470 3041; x_wconf 74' lang='grc' dir='ltr'>πλῆθος</span> <span class='ocrx_word' id='word_1_232' title='bbox 489 2981 565 3035; x_wconf 82' lang='grc' dir='ltr'><strong>λιιαί·</strong></span> <span class='ocrx_word' id='word_1_233' title='bbox 605 2978 797 3050; x_wconf 80' lang='lat' dir='ltr'>quodhrrbam</span> <span class='ocrx_word' id='word_1_234' title='bbox 810 2938 966 3049; x_wconf 79' lang='lat' dir='ltr'>palasticm,</span> <span class='ocrx_word' id='word_1_235' title='bbox 975 2986 1119 3052; x_wconf 71' lang='lat' dir='ltr'>essurio,</span> 
     </span>
     <span class='ocr_line' id='line_1_28' title="bbox 67 3057 1119 3136; baseline -0.004 -19.657"><span class='ocrx_word' id='word_1_236' title='bbox 67 3067 244 3136; x_wconf 62' lang='grc' dir='ltr'>Μτιςβρίχιιν</span> <span class='ocrx_word' id='word_1_237' title='bbox 263 3065 288 3116; x_wconf 81' lang='lat' dir='ltr'>ls</span> <span class='ocrx_word' id='word_1_238' title='bbox 301 3059 373 3114; x_wconf 73' lang='lat' dir='ltr'>duali</span> <span class='ocrx_word' id='word_1_239' title='bbox 384 3057 477 3120; x_wconf 67' lang='lat' dir='ltr'>delarue</span> <span class='ocrx_word' id='word_1_240' title='bbox 493 3062 565 3114; x_wconf 77' lang='grc' dir='ltr'><strong>κοτύ·</strong></span> <span class='ocrx_word' id='word_1_241' title='bbox 605 3057 678 3128; x_wconf 88' lang='lat' dir='ltr'>quod</span> <span class='ocrx_word' id='word_1_242' title='bbox 687 3059 778 3129; x_wconf 89' lang='lat' dir='ltr'>apium</span> <span class='ocrx_word' id='word_1_243' title='bbox 790 3073 876 3112; x_wconf 77' lang='lat' dir='ltr'>sonat.</span> <span class='ocrx_word' id='word_1_244' title='bbox 885 3060 933 3110; x_wconf 83' lang='lat' dir='ltr'>Est</span> <span class='ocrx_word' id='word_1_245' title='bbox 942 3061 1015 3112; x_wconf 89' lang='lat' dir='ltr'>cuim</span> <span class='ocrx_word' id='word_1_246' title='bbox 1026 3063 1119 3131; x_wconf 83' lang='lat' dir='ltr'>opium</span> 
     </span>
     <span class='ocr_line' id='line_1_29' title="bbox 66 3136 1117 3212; baseline -0.004 -13"><span class='ocrx_word' id='word_1_247' title='bbox 66 3144 117 3202; x_wconf 62' lang='lat' dir='ltr'>tug-</span> <span class='ocrx_word' id='word_1_248' title='bbox 137 3151 177 3198; x_wconf 73' lang='lat' dir='ltr'>eal</span> <span class='ocrx_word' id='word_1_249' title='bbox 201 3146 260 3197; x_wconf 76' lang='grc' dir='ltr'>ὅταν</span> <span class='ocrx_word' id='word_1_250' title='bbox 279 3149 350 3212; x_wconf 74' lang='grc' dir='ltr'>παγῇ</span> <span class='ocrx_word' id='word_1_251' title='bbox 370 3143 397 3196; x_wconf 77' lang='grc' dir='ltr'>τὸ</span> <span class='ocrx_word' id='word_1_252' title='bbox 413 3136 494 3210; x_wconf 69' lang='grc' dir='ltr'>ὕδωρ,</span> <span class='ocrx_word' id='word_1_253' title='bbox 510 3144 565 3194; x_wconf 81' lang='lat' dir='ltr'>isu-</span> <span class='ocrx_word' id='word_1_254' title='bbox 605 3139 739 3203; x_wconf 80' lang='lat' dir='ltr'>silvestre,</span> <span class='ocrx_word' id='word_1_255' title='bbox 752 3139 781 3190; x_wconf 89' lang='lat' dir='ltr'>in</span> <span class='ocrx_word' id='word_1_256' title='bbox 795 3139 933 3207; x_wconf 66' lang='lat' dir='ltr'>uliginosis</span> <span class='ocrx_word' id='word_1_257' title='bbox 947 3139 1117 3212; x_wconf 82' lang='lat' dir='ltr'>humidisque</span> 
     </span>
     <span class='ocr_line' id='line_1_30' title="bbox 67 3217 1117 3280; baseline 0.002 -8"><span class='ocrx_word' id='word_1_258' title='bbox 67 3221 180 3279; x_wconf 55' lang='lat' dir='ltr'>asinus.</span> <span class='ocrx_word' id='word_1_259' title='bbox 211 3222 381 3276; x_wconf 74' lang='lat' dir='ltr'>uAcetahuli</span> <span class='ocrx_word' id='word_1_260' title='bbox 410 3238 562 3274; x_wconf 83' lang='lat' dir='ltr'>mensuram</span> <span class='ocrx_word' id='word_1_261' title='bbox 605 3217 805 3280; x_wconf 78' lang='lat' dir='ltr'>locisuascens,</span> <span class='ocrx_word' id='word_1_262' title='bbox 819 3218 979 3272; x_wconf 81' lang='lat' dir='ltr'>delineatum</span> <span class='ocrx_word' id='word_1_263' title='bbox 998 3221 1117 3274; x_wconf 87' lang='lat' dir='ltr'>aDodo·</span> 
     </span>
     <span class='ocr_line' id='line_1_31' title="bbox 67 3297 1116 3373; baseline 0.001 -20"><span class='ocrx_word' id='word_1_264' title='bbox 67 3300 173 3356; x_wconf 80' lang='lat' dir='ltr'>trium·</span> <span class='ocrx_word' id='word_1_265' title='bbox 165 3325 193 3358; x_wconf 84' lang='lat' dir='ltr'>rn</span> <span class='ocrx_word' id='word_1_266' title='bbox 218 3302 325 3356; x_wconf 78' lang='lat' dir='ltr'>duabus</span> <span class='ocrx_word' id='word_1_267' title='bbox 347 3319 422 3373; x_wconf 71' lang='lat' dir='ltr'>aqua</span> <span class='ocrx_word' id='word_1_268' title='bbox 448 3299 563 3354; x_wconf 80' lang='lat' dir='ltr'>heminis</span> <span class='ocrx_word' id='word_1_269' title='bbox 603 3317 679 3363; x_wconf 77' lang='lat' dir='ltr'>naeo,</span> <span class='ocrx_word' id='word_1_270' title='bbox 697 3317 725 3369; x_wconf 93' lang='lat' dir='ltr'>p.</span> <span class='ocrx_word' id='word_1_271' title='bbox 740 3303 806 3368; x_wconf 83' lang='lat'>687.</span> <span class='ocrx_word' id='word_1_272' title='bbox 820 3297 912 3350; x_wconf 76' lang='lat' dir='ltr'>Hirro</span> <span class='ocrx_word' id='word_1_273' title='bbox 915 3299 1047 3371; x_wconf 63' lang='lat' dir='ltr'>-Tlryss</span> <span class='ocrx_word' id='word_1_274' title='bbox 1048 3301 1116 3358; x_wconf 77' lang='lat' dir='ltr'>lium</span> 
     </span>
     <span class='ocr_line' id='line_1_32' title="bbox 68 3379 1116 3455; baseline -0.002 -17"><span class='ocrx_word' id='word_1_275' title='bbox 68 3387 178 3438; x_wconf 62' lang='lat' dir='ltr'>Memfi</span> <span class='ocrx_word' id='word_1_276' title='bbox 192 3395 318 3455; x_wconf 87' lang='lat' dir='ltr'>oportet·</span> <span class='ocrx_word' id='word_1_277' title='bbox 329 3380 562 3451; x_wconf 76' lang='lat' dir='ltr'>acubieeseaqua</span> <span class='ocrx_word' id='word_1_278' title='bbox 604 3379 652 3432; x_wconf 75' lang='lat' dir='ltr'>Est</span> <span class='ocrx_word' id='word_1_279' title='bbox 667 3379 770 3448; x_wconf 81' lang='lat' dir='ltr'>Aprum</span> <span class='ocrx_word' id='word_1_280' title='bbox 788 3379 921 3442; x_wconf 73' lang='lat' dir='ltr'>silvestre,</span> <span class='ocrx_word' id='word_1_281' title='bbox 936 3379 1019 3432; x_wconf 83' lang='lat' dir='ltr'>lacteo</span> <span class='ocrx_word' id='word_1_282' title='bbox 1035 3399 1116 3436; x_wconf 85' lang='lat' dir='ltr'>succo</span> 
     </span>
     <span class='ocr_line' id='line_1_33' title="bbox 67 3454 1115 3532; baseline 0.006 -24"><span class='ocrx_word' id='word_1_283' title='bbox 67 3454 214 3530; x_wconf 72' lang='lat' dir='ltr'>densarerit,</span> <span class='ocrx_word' id='word_1_284' title='bbox 228 3466 411 3532; x_wconf 82' lang='lat' dir='ltr'>lentoremque</span> <span class='ocrx_word' id='word_1_285' title='bbox 424 3473 563 3514; x_wconf 78' lang='lat' dir='ltr'>mntraxe</span> <span class='ocrx_word' id='word_1_286' title='bbox 605 3471 728 3528; x_wconf 78' lang='lat' dir='ltr'>turgens,</span> <span class='ocrx_word' id='word_1_287' title='bbox 742 3457 865 3512; x_wconf 32' lang='lat' dir='ltr'>cwuauh</span> <span class='ocrx_word' id='word_1_288' title='bbox 878 3457 1000 3510; x_wconf 85' lang='lat' dir='ltr'>Broterio</span> <span class='ocrx_word' id='word_1_289' title='bbox 1007 3479 1073 3530; x_wconf 85' lang='lat' dir='ltr'>qus</span> <span class='ocrx_word' id='word_1_290' title='bbox 1083 3480 1115 3516; x_wconf 83' lang='lat' dir='ltr'>ex</span> 
     </span>
     <span class='ocr_line' id='line_1_34' title="bbox 68 3536 1116 3612; baseline 0.003 -23"><span class='ocrx_word' id='word_1_291' title='bbox 68 3538 103 3602; x_wconf 82' lang='lat' dir='ltr'>rit,</span> <span class='ocrx_word' id='word_1_292' title='bbox 114 3543 204 3598; x_wconf 79' lang='lat' dir='ltr'>illini.-</span> <span class='ocrx_word' id='word_1_293' title='bbox 226 3543 319 3598; x_wconf 76' lang='lat' dir='ltr'>Hsun.</span> <span class='ocrx_word' id='word_1_294' title='bbox 337 3541 563 3594; x_wconf 77' lang='lat' dir='ltr'>-Deasoeseac</span> <span class='ocrx_word' id='word_1_295' title='bbox 603 3537 662 3590; x_wconf 81' lang='lat' dir='ltr'>MS.</span> <span class='ocrx_word' id='word_1_296' title='bbox 684 3539 749 3607; x_wconf 79' lang='lat' dir='ltr'>lieg.</span> <span class='ocrx_word' id='word_1_297' title='bbox 767 3551 794 3592; x_wconf 84' lang='lat' dir='ltr'>et</span> <span class='ocrx_word' id='word_1_298' title='bbox 815 3536 878 3590; x_wconf 85' lang='lat' dir='ltr'>edit.</span> <span class='ocrx_word' id='word_1_299' title='bbox 898 3538 985 3609; x_wconf 82' lang='lat' dir='ltr'>princ.</span> <span class='ocrx_word' id='word_1_300' title='bbox 1005 3539 1116 3612; x_wconf 79' lang='lat' dir='ltr'>lllyssel-</span> 
     </span>
     <span class='ocr_line' id='line_1_35' title="bbox 68 3617 872 3686; baseline -0.002 -16"><span class='ocrx_word' id='word_1_301' title='bbox 68 3625 178 3679; x_wconf 78' lang='lat' dir='ltr'>contrahis.</span> <span class='ocrx_word' id='word_1_302' title='bbox 194 3625 279 3678; x_wconf 85' lang='lat' dir='ltr'>Grau.</span> <span class='ocrx_word' id='word_1_303' title='bbox 296 3635 323 3676; x_wconf 82' lang='lat' dir='ltr'>ct</span> <span class='ocrx_word' id='word_1_304' title='bbox 340 3621 383 3674; x_wconf 79' lang='grc' dir='ltr'>ΑΙ.</span> <span class='ocrx_word' id='word_1_305' title='bbox 405 3634 465 3674; x_wconf 80' lang='lat' dir='ltr'>sate</span> <span class='ocrx_word' id='word_1_306' title='bbox 479 3617 561 3674; x_wconf 84' lang='lat' dir='ltr'>Hard.</span> <span class='ocrx_word' id='word_1_307' title='bbox 604 3619 661 3672; x_wconf 84' lang='lat' dir='ltr'>lium</span> <span class='ocrx_word' id='word_1_308' title='bbox 676 3617 803 3686; x_wconf 76' lang='lat' dir='ltr'>reposuit.</span> <span class='ocrx_word' id='word_1_309' title='bbox 818 3617 872 3670; x_wconf 80' lang='lat' dir='ltr'>En.</span> 
     </span>
     <span class='ocr_line' id='line_1_36' title="bbox 71 3697 1113 3768; baseline -0.005 -13"><span class='ocrx_word' id='word_1_310' title='bbox 71 3697 172 3758; x_wconf 57' lang='lat' dir='ltr'>deaut</span> <span class='ocrx_word' id='word_1_311' title='bbox 184 3723 215 3758; x_wconf 79' lang='lat' dir='ltr'>aa</span> <span class='ocrx_word' id='word_1_312' title='bbox 229 3702 369 3758; x_wconf 83' lang='lat' dir='ltr'>contrahit.</span> <span class='ocrx_word' id='word_1_313' title='bbox 384 3727 395 3750; x_wconf 76' lang='grc' dir='ltr'><strong>ι</strong></span> <span class='ocrx_word' id='word_1_314' title='bbox 412 3701 464 3754; x_wconf 88' lang='lat' dir='ltr'>En.</span> <span class='ocrx_word' id='word_1_315' title='bbox 644 3698 716 3752; x_wconf 84' lang='lat' dir='ltr'>XCI.</span> <span class='ocrx_word' id='word_1_316' title='bbox 731 3714 755 3750; x_wconf 86' lang='lat'>1.</span> <span class='ocrx_word' id='word_1_317' title='bbox 771 3697 800 3750; x_wconf 78' lang='lat' dir='ltr'>Si</span> <span class='ocrx_word' id='word_1_318' title='bbox 809 3697 895 3749; x_wconf 80' lang='lat' dir='ltr'>addita</span> <span class='ocrx_word' id='word_1_319' title='bbox 904 3716 968 3768; x_wconf 79' lang='lat' dir='ltr'>apua</span> <span class='ocrx_word' id='word_1_320' title='bbox 975 3698 1113 3765; x_wconf 78' lang='lat' dir='ltr'>jaceantur.</span> 
     </span>
     <span class='ocr_line' id='line_1_37' title="bbox 100 3775 1117 3850; baseline -0.004 -12"><span class='ocrx_word' id='word_1_321' title='bbox 100 3798 123 3849; x_wconf 83' lang='lat'>9·</span> <span class='ocrx_word' id='word_1_322' title='bbox 145 3784 340 3838; x_wconf 72' lang='lat' dir='ltr'>Crassitudinem.</span> <span class='ocrx_word' id='word_1_323' title='bbox 373 3782 477 3850; x_wconf 79' lang='lat' dir='ltr'>Aquam</span> <span class='ocrx_word' id='word_1_324' title='bbox 503 3795 562 3850; x_wconf 77' lang='lat' dir='ltr'>quae</span> <span class='ocrx_word' id='word_1_325' title='bbox 605 3775 696 3832; x_wconf 79' lang='lat' dir='ltr'>Alium</span> <span class='ocrx_word' id='word_1_326' title='bbox 714 3776 828 3830; x_wconf 87' lang='lat' dir='ltr'>modum</span> <span class='ocrx_word' id='word_1_327' title='bbox 843 3776 998 3830; x_wconf 76' lang='lat' dir='ltr'>adhibendas</span> <span class='ocrx_word' id='word_1_328' title='bbox 1011 3791 1117 3834; x_wconf 83' lang='lat' dir='ltr'>centau-</span> 
     </span>
     <span class='ocr_line' id='line_1_38' title="bbox 68 3856 1116 3930; baseline -0.003 -14"><span class='ocrx_word' id='word_1_329' title='bbox 68 3866 195 3918; x_wconf 62' lang='lat' dir='ltr'>meavit.</span> <span class='ocrx_word' id='word_1_330' title='bbox 210 3861 361 3918; x_wconf 83' lang='lat' dir='ltr'>Dioscorid.</span> <span class='ocrx_word' id='word_1_331' title='bbox 383 3859 464 3930; x_wconf 75' lang='lat' dir='ltr'>vulgo</span> <span class='ocrx_word' id='word_1_332' title='bbox 480 3857 563 3913; x_wconf 88' lang='lat' dir='ltr'>muci·</span> <span class='ocrx_word' id='word_1_333' title='bbox 604 3875 656 3912; x_wconf 77' lang='lat' dir='ltr'>reoe</span> <span class='ocrx_word' id='word_1_334' title='bbox 669 3856 777 3928; x_wconf 82' lang='lat' dir='ltr'>majoris</span> <span class='ocrx_word' id='word_1_335' title='bbox 792 3869 885 3910; x_wconf 86' lang='lat' dir='ltr'>contra</span> <span class='ocrx_word' id='word_1_336' title='bbox 898 3857 1039 3927; x_wconf 80' lang='lat' dir='ltr'>caliginem</span> <span class='ocrx_word' id='word_1_337' title='bbox 1051 3877 1116 3913; x_wconf 90' lang='lat' dir='ltr'>ocu·</span> 
     </span>
     <span class='ocr_line' id='line_1_39' title="bbox 70 3933 1114 4011; baseline 0.007 -26"><span class='ocrx_word' id='word_1_338' title='bbox 70 3933 173 4008; x_wconf 71' lang='lat' dir='ltr'>legissem.</span> <span class='ocrx_word' id='word_1_339' title='bbox 192 3947 292 3998; x_wconf 71' lang='lat' dir='ltr'>Dauno.</span> <span class='ocrx_word' id='word_1_340' title='bbox 309 3973 348 3986; x_wconf 91' lang='lat'>-</span> <span class='ocrx_word' id='word_1_341' title='bbox 362 3939 561 3994; x_wconf 74' lang='lat' dir='ltr'>Crassitudinem.</span> <span class='ocrx_word' id='word_1_342' title='bbox 604 3935 713 3999; x_wconf 83' lang='lat' dir='ltr'>lorum,</span> <span class='ocrx_word' id='word_1_343' title='bbox 729 3935 791 3993; x_wconf 75' lang='lat' dir='ltr'>vide</span> <span class='ocrx_word' id='word_1_344' title='bbox 809 3935 880 4007; x_wconf 83' lang='lat' dir='ltr'>apud</span> <span class='ocrx_word' id='word_1_345' title='bbox 901 3936 1021 3990; x_wconf 82' lang='lat' dir='ltr'>Marcell.</span> <span class='ocrx_word' id='word_1_346' title='bbox 1035 3940 1114 4011; x_wconf 86' lang='lat' dir='ltr'>Emp.</span> 
     </span>
     <span class='ocr_line' id='line_1_40' title="bbox 70 4013 1117 4093; baseline -0.004 -15"><span class='ocrx_word' id='word_1_347' title='bbox 70 4013 95 4070; x_wconf 72' lang='grc' dir='ltr'>ΙΙ</span> <span class='ocrx_word' id='word_1_348' title='bbox 106 4024 171 4093; x_wconf 80' lang='lat' dir='ltr'>quod</span> <span class='ocrx_word' id='word_1_349' title='bbox 183 4025 210 4077; x_wconf 82' lang='lat' dir='ltr'>in</span> <span class='ocrx_word' id='word_1_350' title='bbox 225 4021 309 4080; x_wconf 75' lang='lat' dir='ltr'>faudo</span> <span class='ocrx_word' id='word_1_351' title='bbox 322 4018 451 4076; x_wconf 73' lang='lat' dir='ltr'>subsedit</span> <span class='ocrx_word' id='word_1_352' title='bbox 467 4019 562 4074; x_wconf 77' lang='lat' dir='ltr'>Hsuu.</span> <span class='ocrx_word' id='word_1_353' title='bbox 604 4035 661 4087; x_wconf 75' lang='lat' dir='ltr'>cup.</span> <span class='ocrx_word' id='word_1_354' title='bbox 677 4021 890 4088; x_wconf 71' lang='lat' dir='ltr'>vrrr,pag.61,</span> <span class='ocrx_word' id='word_1_355' title='bbox 906 4027 932 4068; x_wconf 88' lang='lat' dir='ltr'>et</span> <span class='ocrx_word' id='word_1_356' title='bbox 947 4017 1015 4072; x_wconf 86' lang='lat' dir='ltr'>Pliu.</span> <span class='ocrx_word' id='word_1_357' title='bbox 1027 4019 1117 4074; x_wconf 82' lang='lat' dir='ltr'>Valer.</span> 
     </span>
     <span class='ocr_line' id='line_1_41' title="bbox 103 4094 941 4168; baseline -0.005 -16"><span class='ocrx_word' id='word_1_358' title='bbox 103 4117 137 4153; x_wconf 80' lang='lat' dir='ltr'>to.</span> <span class='ocrx_word' id='word_1_359' title='bbox 151 4105 242 4166; x_wconf 62' lang='lat' dir='ltr'>fresta</span> <span class='ocrx_word' id='word_1_360' title='bbox 255 4102 382 4156; x_wconf 59' lang='lat' dir='ltr'>&amp;trahem</span> <span class='ocrx_word' id='word_1_361' title='bbox 395 4119 460 4154; x_wconf 73' lang='lat' dir='ltr'>osse.</span> <span class='ocrx_word' id='word_1_362' title='bbox 475 4099 509 4154; x_wconf 80' lang='lat' dir='ltr'>Et</span> <span class='ocrx_word' id='word_1_363' title='bbox 522 4117 562 4164; x_wconf 72' lang='lat' dir='ltr'>ut·</span> <span class='ocrx_word' id='word_1_364' title='bbox 605 4097 651 4155; x_wconf 90' lang='lat' dir='ltr'>lib.</span> <span class='ocrx_word' id='word_1_365' title='bbox 664 4099 694 4162; x_wconf 94' lang='grc' dir='ltr'>Ι,</span> <span class='ocrx_word' id='word_1_366' title='bbox 710 4113 770 4168; x_wconf 75' lang='lat' dir='ltr'>cap·</span> <span class='ocrx_word' id='word_1_367' title='bbox 789 4099 832 4153; x_wconf 76' lang='lat'>18.</span> <span class='ocrx_word' id='word_1_368' title='bbox 849 4094 941 4149; x_wconf 71' lang='lat' dir='ltr'>Heln.</span> 
     </span>
    </p>
   </div>
   <div class='ocr_carea' id='block_1_4' title="bbox 922 4201 984 4289">
    <p class='ocr_par' dir='ltr' id='par_1_5' title="bbox 922 4201 984 4289">
     <span class='ocr_line' id='line_1_42' title="bbox 922 4201 984 4289; baseline 0 -59"><span class='ocrx_word' id='word_1_369' title='bbox 922 4201 984 4289; x_wconf 60' lang='lat'>40.</span> 
     </span>
    </p>
   </div>
   <div class='ocr_carea' id='block_1_5' title="bbox 0 0 1474 5009">
    <p class='ocr_par' dir='ltr' id='par_1_6' title="bbox 0 0 1474 5009">
     <span class='ocr_line' id='line_1_43' title="bbox 0 0 1474 5009; baseline 0 0"><span class='ocrx_word' id='word_1_370' title='bbox 0 0 1474 5009; x_wconf 95' lang='lat' dir='ltr'> </span> 
     </span>
    </p>
   </div>
  </div>
 </body>
</html>
