<?xml version="1.0" encoding="UTF-8"?>
<!DOCTYPE html PUBLIC "-//W3C//DTD XHTML 1.0 Transitional//EN"
    "http://www.w3.org/TR/xhtml1/DTD/xhtml1-transitional.dtd">
<html xmlns="http://www.w3.org/1999/xhtml" xml:lang="en" lang="en">
 <head>
  <title>
</title>
<meta http-equiv="Content-Type" content="text/html;charset=utf-8" />
  <meta name='ocr-system' content='tesseract 3.04.00' />
  <meta name='ocr-capabilities' content='ocr_page ocr_carea ocr_par ocr_line ocrx_word'/>
</head>
<body>
  <div class='ocr_page' id='page_1' title='image "./caiipliniisecun03plingoog_0701.png"; bbox 0 0 2925 5009; ppageno 0'>
   <div class='ocr_carea' id='block_1_1' title="bbox 333 435 1126 511">
    <p class='ocr_par' dir='ltr' id='par_1_1' title="bbox 333 435 1126 511">
     <span class='ocr_line' id='line_1_1' title="bbox 333 435 1126 511; baseline -0.011 0"><span class='ocrx_word' id='word_1_1' title='bbox 333 438 405 511; x_wconf 82' lang='lat'><strong>680</strong></span> <span class='ocrx_word' id='word_1_2' title='bbox 606 440 645 506; x_wconf 92' lang='lat' dir='ltr'><strong>C.</strong></span> <span class='ocrx_word' id='word_1_3' title='bbox 671 436 838 507; x_wconf 86' lang='lat' dir='ltr'><strong>PLlNll</strong></span> <span class='ocrx_word' id='word_1_4' title='bbox 862 436 970 506; x_wconf 79' lang='lat' dir='ltr'><strong>NAT.</strong></span> <span class='ocrx_word' id='word_1_5' title='bbox 997 435 1126 505; x_wconf 85' lang='lat' dir='ltr'><strong>HIST.</strong></span> 
     </span>
    </p>
   </div>
   <div class='ocr_carea' id='block_1_2' title="bbox 303 556 1409 2366">
    <p class='ocr_par' dir='ltr' id='par_1_2' title="bbox 333 556 1406 879">
     <span class='ocr_line' id='line_1_2' title="bbox 333 556 1406 665; baseline -0.004 -22"><span class='ocrx_word' id='word_1_6' title='bbox 333 589 368 643; x_wconf 84' lang='lat' dir='ltr'><strong>et</strong></span> <span class='ocrx_word' id='word_1_7' title='bbox 386 570 702 642; x_wconf 79' lang='lat' dir='ltr'><strong>medicamentorum</strong></span> <span class='ocrx_word' id='word_1_8' title='bbox 721 556 851 665; x_wconf 79' lang='lat' dir='ltr'><strong>potus&#39;³</strong></span> <span class='ocrx_word' id='word_1_9' title='bbox 869 568 1043 639; x_wconf 81' lang='lat' dir='ltr'><strong>stomacho</strong></span> <span class='ocrx_word' id='word_1_10' title='bbox 1062 566 1230 657; x_wconf 75' lang='lat' dir='ltr'><strong>hunicus,</strong></span> <span class='ocrx_word' id='word_1_11' title='bbox 1250 566 1342 663; x_wconf 90' lang='lat' dir='ltr'><strong>quod</strong></span> <span class='ocrx_word' id='word_1_12' title='bbox 1360 580 1406 639; x_wconf 80' lang='lat' dir='ltr'><strong>est</strong></span> 
     </span>
     <span class='ocr_line' id='line_1_3' title="bbox 334 664 1406 774; baseline -0.006 -26"><span class='ocrx_word' id='word_1_13' title='bbox 334 702 456 774; x_wconf 87' lang='lat' dir='ltr'><strong>magna</strong></span> <span class='ocrx_word' id='word_1_14' title='bbox 470 702 509 747; x_wconf 85' lang='lat' dir='ltr'><strong>ex</strong></span> <span class='ocrx_word' id='word_1_15' title='bbox 528 692 623 772; x_wconf 80' lang='lat' dir='ltr'><strong>parte</strong></span> <span class='ocrx_word' id='word_1_16' title='bbox 632 664 656 704; x_wconf 77' lang='lat'><strong>¹⁴</strong></span> <span class='ocrx_word' id='word_1_17' title='bbox 671 678 822 745; x_wconf 84' lang='lat' dir='ltr'><strong>vetitum.</strong></span> <span class='ocrx_word' id='word_1_18' title='bbox 842 680 959 771; x_wconf 88' lang='lat' dir='ltr'><strong>Itaque</strong></span> <span class='ocrx_word' id='word_1_19' title='bbox 976 700 1038 745; x_wconf 88' lang='lat' dir='ltr'><strong>nos</strong></span> <span class='ocrx_word' id='word_1_20' title='bbox 1056 674 1092 743; x_wconf 88' lang='lat' dir='ltr'><strong>in</strong></span> <span class='ocrx_word' id='word_1_21' title='bbox 1109 675 1227 770; x_wconf 88' lang='lat' dir='ltr'><strong>primis</strong></span> <span class='ocrx_word' id='word_1_22' title='bbox 1244 698 1323 769; x_wconf 79' lang='lat' dir='ltr'><strong>quae</strong></span> <span class='ocrx_word' id='word_1_23' title='bbox 1336 688 1406 744; x_wconf 87' lang='lat' dir='ltr'><strong>sunt</strong></span> 
     </span>
     <span class='ocr_line' id='line_1_4' title="bbox 335 782 821 879; baseline -0.008 -24"><span class='ocrx_word' id='word_1_24' title='bbox 335 785 509 855; x_wconf 80' lang='lat' dir='ltr'><strong>stomacho</strong></span> <span class='ocrx_word' id='word_1_25' title='bbox 530 782 622 853; x_wconf 89' lang='lat' dir='ltr'><strong>utilia</strong></span> <span class='ocrx_word' id='word_1_26' title='bbox 640 784 821 879; x_wconf 81' lang='lat' dir='ltr'><strong>signamus.</strong></span> 
     </span>
    </p>

    <p class='ocr_par' dir='ltr' id='par_1_3' title="bbox 303 880 1409 1834">
     <span class='ocr_line' id='line_1_5' title="bbox 303 880 1407 984; baseline -0.005 -25"><span class='ocrx_word' id='word_1_27' title='bbox 303 914 315 949; x_wconf 84' lang='grc' dir='ltr'>ι</span> <span class='ocrx_word' id='word_1_28' title='bbox 388 894 451 961; x_wconf 83' lang='grc' dir='ltr'><strong>ΙΧ.</strong></span> <span class='ocrx_word' id='word_1_29' title='bbox 472 880 550 981; x_wconf 81' lang='lat' dir='ltr'><strong>(tv.)</strong></span> <span class='ocrx_word' id='word_1_30' title='bbox 565 892 673 984; x_wconf 84' lang='lat' dir='ltr'>Super</span> <span class='ocrx_word' id='word_1_31' title='bbox 683 891 798 958; x_wconf 88' lang='lat' dir='ltr'><strong>omnia</strong></span> <span class='ocrx_word' id='word_1_32' title='bbox 810 887 966 983; x_wconf 86' lang='lat' dir='ltr'><strong>adjuvere</strong></span> <span class='ocrx_word' id='word_1_33' title='bbox 983 914 1062 958; x_wconf 88' lang='lat' dir='ltr'><strong>eum</strong></span> <span class='ocrx_word' id='word_1_34' title='bbox 1076 888 1216 981; x_wconf 67' lang='lat' dir='ltr'><strong>magicae</strong></span> <span class='ocrx_word' id='word_1_35' title='bbox 1226 888 1407 970; x_wconf 79' lang='lat' dir='ltr'><strong>vanitates,</strong></span> 
     </span>
     <span class='ocr_line' id='line_1_6' title="bbox 336 993 1406 1090; baseline -0.005 -24"><span class='ocrx_word' id='word_1_36' title='bbox 336 1000 516 1067; x_wconf 89' lang='lat' dir='ltr'><strong>intantum</strong></span> <span class='ocrx_word' id='word_1_37' title='bbox 534 1010 676 1084; x_wconf 73' lang='lat' dir='ltr'><strong>evecta,</strong></span> <span class='ocrx_word' id='word_1_38' title='bbox 693 1009 733 1063; x_wconf 89' lang='lat' dir='ltr'><strong>ut</strong></span> <span class='ocrx_word' id='word_1_39' title='bbox 749 994 911 1090; x_wconf 87' lang='lat' dir='ltr'><strong>abrogare</strong></span> <span class='ocrx_word' id='word_1_40' title='bbox 931 994 1043 1065; x_wconf 85' lang='lat' dir='ltr'><strong>herbis</strong></span> <span class='ocrx_word' id='word_1_41' title='bbox 1063 993 1164 1063; x_wconf 89' lang='lat' dir='ltr'><strong>fidem</strong></span> <span class='ocrx_word' id='word_1_42' title='bbox 1186 994 1324 1063; x_wconf 87' lang='lat' dir='ltr'><strong>cunctis</strong></span> <span class='ocrx_word' id='word_1_43' title='bbox 1338 1016 1406 1087; x_wconf 71' lang='lat' dir='ltr'><strong>poa</strong></span> 
     </span>
     <span class='ocr_line' id='line_1_7' title="bbox 337 1098 1409 1197; baseline -0.007 -24"><span class='ocrx_word' id='word_1_44' title='bbox 337 1117 419 1173; x_wconf 81' lang='lat' dir='ltr'><strong>sent</strong></span> <span class='ocrx_word' id='word_1_45' title='bbox 435 1100 625 1197; x_wconf 86' lang='lat' dir='ltr'><strong>AEthiopide</strong></span> <span class='ocrx_word' id='word_1_46' title='bbox 638 1099 758 1171; x_wconf 85' lang='lat' dir='ltr'><strong>berlia¹</strong></span> <span class='ocrx_word' id='word_1_47' title='bbox 778 1126 892 1171; x_wconf 90' lang='lat' dir='ltr'><strong>amnes</strong></span> <span class='ocrx_word' id='word_1_48' title='bbox 911 1126 951 1170; x_wconf 94' lang='lat' dir='ltr'><strong>ac</strong></span> <span class='ocrx_word' id='word_1_49' title='bbox 966 1116 1082 1196; x_wconf 88' lang='lat' dir='ltr'><strong>stagna</strong></span> <span class='ocrx_word' id='word_1_50' title='bbox 1106 1100 1223 1169; x_wconf 89' lang='lat' dir='ltr'><strong>siccari</strong></span> <span class='ocrx_word' id='word_1_51' title='bbox 1241 1098 1409 1193; x_wconf 83' lang='lat' dir='ltr'><strong>conjectu,</strong></span> 
     </span>
     <span class='ocr_line' id='line_1_8' title="bbox 336 1206 1408 1304; baseline -0.005 -26"><span class='ocrx_word' id='word_1_52' title='bbox 336 1224 429 1279; x_wconf 88' lang='lat' dir='ltr'><strong>tactu</strong></span> <span class='ocrx_word' id='word_1_53' title='bbox 439 1206 551 1278; x_wconf 89' lang='lat' dir='ltr'><strong>clausa</strong></span> <span class='ocrx_word' id='word_1_54' title='bbox 562 1210 674 1279; x_wconf 89' lang='lat' dir='ltr'><strong>omnia</strong></span> <span class='ocrx_word' id='word_1_55' title='bbox 692 1209 823 1304; x_wconf 80' lang='lat' dir='ltr'><strong>aperiri.</strong></span> <span class='ocrx_word' id='word_1_56' title='bbox 836 1207 1071 1278; x_wconf 78' lang='lat' dir='ltr'><strong>Achaemenide</strong></span> <span class='ocrx_word' id='word_1_57' title='bbox 1082 1206 1240 1300; x_wconf 87' lang='lat' dir='ltr'><strong>conjecta</strong></span> <span class='ocrx_word' id='word_1_58' title='bbox 1259 1208 1296 1275; x_wconf 90' lang='lat' dir='ltr'><strong>in</strong></span> <span class='ocrx_word' id='word_1_59' title='bbox 1312 1206 1408 1274; x_wconf 83' lang='lat' dir='ltr'><strong>aniam</strong></span> 
     </span>
     <span class='ocr_line' id='line_1_9' title="bbox 337 1310 1408 1410; baseline -0.005 -26"><span class='ocrx_word' id='word_1_60' title='bbox 337 1315 483 1386; x_wconf 91' lang='lat' dir='ltr'><strong>bostium</strong></span> <span class='ocrx_word' id='word_1_61' title='bbox 501 1313 667 1408; x_wconf 89' lang='lat' dir='ltr'><strong>trepidare</strong></span> <span class='ocrx_word' id='word_1_62' title='bbox 682 1315 833 1409; x_wconf 82' lang='lat' dir='ltr'><strong>agmina,</strong></span> <span class='ocrx_word' id='word_1_63' title='bbox 854 1338 893 1383; x_wconf 90' lang='lat' dir='ltr'><strong>ac</strong></span> <span class='ocrx_word' id='word_1_64' title='bbox 912 1328 1006 1410; x_wconf 87' lang='lat' dir='ltr'><strong>terga</strong></span> <span class='ocrx_word' id='word_1_65' title='bbox 1018 1328 1160 1383; x_wconf 85' lang='lat' dir='ltr'><strong>vertere.</strong></span> <span class='ocrx_word' id='word_1_66' title='bbox 1175 1315 1333 1382; x_wconf 86' lang='lat' dir='ltr'><strong>Lataoen</strong></span> <span class='ocrx_word' id='word_1_67' title='bbox 1344 1310 1408 1379; x_wconf 86' lang='lat' dir='ltr'><strong>dari</strong></span> 
     </span>
     <span class='ocr_line' id='line_1_10' title="bbox 337 1417 1408 1515; baseline -0.005 -24"><span class='ocrx_word' id='word_1_68' title='bbox 337 1418 469 1491; x_wconf 84' lang='lat' dir='ltr'><strong>solitam</strong></span> <span class='ocrx_word' id='word_1_69' title='bbox 482 1444 502 1487; x_wconf 91' lang='lat' dir='ltr'><strong>a</strong></span> <span class='ocrx_word' id='word_1_70' title='bbox 515 1422 690 1490; x_wconf 80' lang='lat' dir='ltr'><strong>Persarum</strong></span> <span class='ocrx_word' id='word_1_71' title='bbox 704 1444 783 1515; x_wconf 77' lang='lat' dir='ltr'><strong>rege</strong></span> <span class='ocrx_word' id='word_1_72' title='bbox 797 1417 932 1515; x_wconf 83' lang='lat' dir='ltr'><strong>legatis,</strong></span> <span class='ocrx_word' id='word_1_73' title='bbox 946 1435 986 1490; x_wconf 89' lang='lat' dir='ltr'><strong>ut</strong></span> <span class='ocrx_word' id='word_1_74' title='bbox 998 1443 1213 1515; x_wconf 89' lang='lat' dir='ltr'><strong>quocumque</strong></span> <span class='ocrx_word' id='word_1_75' title='bbox 1228 1419 1408 1503; x_wconf 78' lang='lat' dir='ltr'><strong>venissent,</strong></span> 
     </span>
     <span class='ocr_line' id='line_1_11' title="bbox 337 1523 1406 1621; baseline -0.005 -25"><span class='ocrx_word' id='word_1_76' title='bbox 337 1530 487 1596; x_wconf 86' lang='lat' dir='ltr'><strong>omniurn</strong></span> <span class='ocrx_word' id='word_1_77' title='bbox 505 1550 618 1597; x_wconf 89' lang='lat' dir='ltr'><strong>rerum</strong></span> <span class='ocrx_word' id='word_1_78' title='bbox 636 1527 734 1621; x_wconf 89' lang='lat' dir='ltr'><strong>copia</strong></span> <span class='ocrx_word' id='word_1_79' title='bbox 748 1526 980 1596; x_wconf 85' lang='lat' dir='ltr'><strong>abundarent:</strong></span> <span class='ocrx_word' id='word_1_80' title='bbox 1000 1552 1039 1596; x_wconf 89' lang='lat' dir='ltr'><strong>ac</strong></span> <span class='ocrx_word' id='word_1_81' title='bbox 1053 1523 1159 1597; x_wconf 90' lang='lat' dir='ltr'><strong>multa</strong></span> <span class='ocrx_word' id='word_1_82' title='bbox 1175 1524 1312 1595; x_wconf 79' lang='lat' dir='ltr'><strong>similia</strong></span> <span class='ocrx_word' id='word_1_83' title='bbox 1329 1523 1406 1593; x_wconf 73' lang='lat' dir='ltr'><strong>L&#39;bi·</strong></span> 
     </span>
     <span class='ocr_line' id='line_1_12' title="bbox 337 1630 1405 1728; baseline -0.005 -26"><span class='ocrx_word' id='word_1_84' title='bbox 337 1658 415 1702; x_wconf 90' lang='lat' dir='ltr'><strong>nam</strong></span> <span class='ocrx_word' id='word_1_85' title='bbox 431 1634 502 1702; x_wconf 80' lang='lat' dir='ltr'><strong>iste</strong></span> <span class='ocrx_word' id='word_1_86' title='bbox 521 1632 631 1711; x_wconf 86' lang='lat' dir='ltr'><strong>fuere,</strong></span> <span class='ocrx_word' id='word_1_87' title='bbox 650 1656 755 1728; x_wconf 88' lang='lat' dir='ltr'><strong>quum</strong></span> <span class='ocrx_word' id='word_1_88' title='bbox 774 1631 903 1703; x_wconf 88' lang='lat' dir='ltr'><strong>Cimbri</strong></span> <span class='ocrx_word' id='word_1_89' title='bbox 911 1634 1127 1728; x_wconf 81' lang='lat' dir='ltr'><strong>Teutonique</strong></span> <span class='ocrx_word' id='word_1_90' title='bbox 1142 1630 1289 1701; x_wconf 83' lang='lat' dir='ltr'><strong>terribili</strong></span> <span class='ocrx_word' id='word_1_91' title='bbox 1306 1632 1405 1699; x_wconf 83' lang='lat' dir='ltr'><strong>Marta</strong></span> 
     </span>
     <span class='ocr_line' id='line_1_13' title="bbox 337 1735 1403 1834; baseline -0.002 -27"><span class='ocrx_word' id='word_1_92' title='bbox 337 1738 519 1825; x_wconf 88' lang='lat' dir='ltr'><strong>ulularent,</strong></span> <span class='ocrx_word' id='word_1_93' title='bbox 534 1755 592 1808; x_wconf 90' lang='lat' dir='ltr'><strong>aut</strong></span> <span class='ocrx_word' id='word_1_94' title='bbox 610 1763 714 1834; x_wconf 88' lang='lat' dir='ltr'><strong>quum</strong></span> <span class='ocrx_word' id='word_1_95' title='bbox 732 1736 892 1809; x_wconf 89' lang='lat' dir='ltr'><strong>Lucullus</strong></span> <span class='ocrx_word' id='word_1_96' title='bbox 908 1753 960 1809; x_wconf 91' lang='lat' dir='ltr'><strong>tot</strong></span> <span class='ocrx_word' id='word_1_97' title='bbox 974 1764 1069 1834; x_wconf 85' lang='lat' dir='ltr'><strong>reges</strong></span> <span class='ocrx_word' id='word_1_98' title='bbox 1080 1735 1287 1833; x_wconf 86' lang='lat' dir='ltr'><strong>Magorum²</strong></span> <span class='ocrx_word' id='word_1_99' title='bbox 1302 1736 1403 1833; x_wconf 84' lang='lat' dir='ltr'><strong>paucis</strong></span> 
     </span>
    </p>

    <p class='ocr_par' dir='ltr' id='par_1_4' title="bbox 304 1842 1402 2366">
     <span class='ocr_line' id='line_1_14' title="bbox 304 1842 1401 1940; baseline -0.004 -25"><span class='ocrx_word' id='word_1_100' title='bbox 304 1882 319 1915; x_wconf 63' lang='grc' dir='ltr'>α</span> <span class='ocrx_word' id='word_1_101' title='bbox 337 1844 521 1939; x_wconf 87' lang='lat' dir='ltr'><strong>legionibus</strong></span> <span class='ocrx_word' id='word_1_102' title='bbox 537 1842 723 1915; x_wconf 79' lang='lat' dir='ltr'><strong>sterneret?</strong></span> <span class='ocrx_word' id='word_1_103' title='bbox 743 1846 855 1915; x_wconf 85' lang='lat' dir='ltr'><strong>Curve</strong></span> <span class='ocrx_word' id='word_1_104' title='bbox 875 1850 1004 1915; x_wconf 90' lang='lat' dir='ltr'><strong>romani</strong></span> <span class='ocrx_word' id='word_1_105' title='bbox 1028 1844 1130 1915; x_wconf 82' lang='lat' dir='ltr'><strong>duces</strong></span> <span class='ocrx_word' id='word_1_106' title='bbox 1152 1847 1303 1940; x_wconf 85' lang='lat' dir='ltr'><strong>primam</strong></span> <span class='ocrx_word' id='word_1_107' title='bbox 1325 1866 1401 1911; x_wconf 78' lang='lat' dir='ltr'><strong>sem</strong></span> 
     </span>
     <span class='ocr_line' id='line_1_15' title="bbox 338 1936 1401 2047; baseline -0.004 -27"><span class='ocrx_word' id='word_1_108' title='bbox 338 1954 441 2047; x_wconf 87' lang='lat' dir='ltr'><strong>perin</strong></span> <span class='ocrx_word' id='word_1_109' title='bbox 450 1949 543 2020; x_wconf 89' lang='lat' dir='ltr'><strong>bellis</strong></span> <span class='ocrx_word' id='word_1_110' title='bbox 557 1952 834 2021; x_wconf 89' lang='lat' dir='ltr'><strong>commerciorum</strong></span> <span class='ocrx_word' id='word_1_111' title='bbox 846 1936 994 2023; x_wconf 84' lang='lat' dir='ltr'><strong>habueie</strong></span> <span class='ocrx_word' id='word_1_112' title='bbox 1007 1976 1123 2023; x_wconf 89' lang='lat' dir='ltr'><strong>curam</strong></span> <span class='ocrx_word' id='word_1_113' title='bbox 1133 1936 1169 2019; x_wconf 81' lang='lat'><strong>³?</strong></span> <span class='ocrx_word' id='word_1_114' title='bbox 1185 1952 1261 2019; x_wconf 90' lang='lat' dir='ltr'><strong>Cur</strong></span> <span class='ocrx_word' id='word_1_115' title='bbox 1279 1946 1401 2020; x_wconf 81' lang='lat' dir='ltr'><strong>bernile</strong></span> 
     </span>
     <span class='ocr_line' id='line_1_16' title="bbox 338 2046 1402 2145; baseline -0.007 -17"><span class='ocrx_word' id='word_1_116' title='bbox 338 2059 478 2128; x_wconf 70' lang='lat' dir='ltr'><strong>Caesaris</strong></span> <span class='ocrx_word' id='word_1_117' title='bbox 494 2046 601 2126; x_wconf 82' lang='lat' dir='ltr'><strong>miles⁴</strong></span> <span class='ocrx_word' id='word_1_118' title='bbox 618 2055 660 2125; x_wconf 93' lang='lat' dir='ltr'><strong>ad</strong></span> <span class='ocrx_word' id='word_1_119' title='bbox 667 2056 869 2127; x_wconf 88' lang='lat' dir='ltr'><strong>Pharsaliam</strong></span> <span class='ocrx_word' id='word_1_120' title='bbox 890 2057 1011 2127; x_wconf 90' lang='lat' dir='ltr'><strong>famem</strong></span> <span class='ocrx_word' id='word_1_121' title='bbox 1027 2062 1148 2145; x_wconf 89' lang='lat' dir='ltr'><strong>sensit,</strong></span> <span class='ocrx_word' id='word_1_122' title='bbox 1166 2055 1402 2126; x_wconf 86' lang='lat' dir='ltr'><strong>siabundantia</strong></span> 
     </span>
     <span class='ocr_line' id='line_1_17' title="bbox 338 2162 1400 2258; baseline -0.003 -25"><span class='ocrx_word' id='word_1_123' title='bbox 338 2165 446 2233; x_wconf 89' lang='lat' dir='ltr'><strong>omnis</strong></span> <span class='ocrx_word' id='word_1_124' title='bbox 466 2164 660 2258; x_wconf 88' lang='lat' dir='ltr'><strong>contingere</strong></span> <span class='ocrx_word' id='word_1_125' title='bbox 677 2165 775 2233; x_wconf 93' lang='lat' dir='ltr'><strong>unius</strong></span> <span class='ocrx_word' id='word_1_126' title='bbox 792 2164 904 2235; x_wconf 82' lang='lat' dir='ltr'><strong>lierbae</strong></span> <span class='ocrx_word' id='word_1_127' title='bbox 924 2163 1081 2233; x_wconf 86' lang='lat' dir='ltr'><strong>felicitate</strong></span> <span class='ocrx_word' id='word_1_128' title='bbox 1095 2162 1255 2255; x_wconf 82' lang='lat' dir='ltr'><strong>poterat?</strong></span> <span class='ocrx_word' id='word_1_129' title='bbox 1267 2164 1344 2232; x_wconf 83' lang='lat' dir='ltr'><strong>Non</strong></span> <span class='ocrx_word' id='word_1_130' title='bbox 1355 2184 1400 2230; x_wconf 88' lang='lat' dir='ltr'><strong>sa·</strong></span> 
     </span>
     <span class='ocr_line' id='line_1_18' title="bbox 337 2266 1401 2366; baseline -0.006 -26"><span class='ocrx_word' id='word_1_131' title='bbox 337 2271 402 2340; x_wconf 92' lang='lat' dir='ltr'><strong>tius</strong></span> <span class='ocrx_word' id='word_1_132' title='bbox 420 2270 485 2340; x_wconf 84' lang='lat' dir='ltr'><strong>suit</strong></span> <span class='ocrx_word' id='word_1_133' title='bbox 503 2269 716 2339; x_wconf 85' lang='lat' dir='ltr'><strong>AEmilianum</strong></span> <span class='ocrx_word' id='word_1_134' title='bbox 735 2271 924 2366; x_wconf 86' lang='lat' dir='ltr'><strong>Scipionem</strong></span> <span class='ocrx_word' id='word_1_135' title='bbox 938 2270 1152 2365; x_wconf 82' lang='lat' dir='ltr'><strong>Carthaginis</strong></span> <span class='ocrx_word' id='word_1_136' title='bbox 1171 2284 1291 2365; x_wconf 83' lang='lat' dir='ltr'><strong>portas</strong></span> <span class='ocrx_word' id='word_1_137' title='bbox 1311 2266 1401 2337; x_wconf 68' lang='lat' dir='ltr'><strong>berh</strong></span> 
     </span>
    </p>
   </div>
   <div class='ocr_carea' id='block_1_3' title="bbox 335 2412 1399 4159">
    <p class='ocr_par' dir='ltr' id='par_1_5' title="bbox 335 2412 1399 4159">
     <span class='ocr_line' id='line_1_19' title="bbox 338 2412 1399 2487; baseline -0.006 -16"><span class='ocrx_word' id='word_1_138' title='bbox 338 2438 387 2472; x_wconf 80' lang='lat' dir='ltr'><strong>nes.</strong></span> <span class='ocrx_word' id='word_1_139' title='bbox 399 2418 534 2471; x_wconf 81' lang='lat' dir='ltr'><strong>Plutarch.</strong></span> <span class='ocrx_word' id='word_1_140' title='bbox 545 2417 593 2471; x_wconf 85' lang='lat' dir='ltr'><strong>lib.</strong></span> <span class='ocrx_word' id='word_1_141' title='bbox 606 2414 641 2469; x_wconf 87' lang='lat' dir='ltr'><strong>de</strong></span> <span class='ocrx_word' id='word_1_142' title='bbox 648 2418 763 2471; x_wconf 88' lang='lat' dir='ltr'><strong>Sanitate</strong></span> <span class='ocrx_word' id='word_1_143' title='bbox 774 2431 850 2471; x_wconf 86' lang='lat' dir='ltr'><strong>tuen·</strong></span> <span class='ocrx_word' id='word_1_144' title='bbox 893 2430 982 2487; x_wconf 81' lang='lat' dir='ltr'><strong>stagna</strong></span> <span class='ocrx_word' id='word_1_145' title='bbox 997 2420 1101 2485; x_wconf 64' lang='lat' dir='ltr'><strong>sicem,</strong></span> <span class='ocrx_word' id='word_1_146' title='bbox 1123 2431 1175 2471; x_wconf 83' lang='lat' dir='ltr'><strong>etc.</strong></span> <span class='ocrx_word' id='word_1_147' title='bbox 1194 2420 1236 2471; x_wconf 86' lang='lat' dir='ltr'><strong>De</strong></span> <span class='ocrx_word' id='word_1_148' title='bbox 1258 2412 1399 2487; x_wconf 82' lang='lat' dir='ltr'><strong>AEtbiopide</strong></span> 
     </span>
     <span class='ocr_line' id='line_1_20' title="bbox 337 2492 1398 2568; baseline -0.006 -15"><span class='ocrx_word' id='word_1_149' title='bbox 337 2498 381 2553; x_wconf 82' lang='lat' dir='ltr'><strong>da.</strong></span> <span class='ocrx_word' id='word_1_150' title='bbox 399 2496 508 2552; x_wconf 82' lang='lat' dir='ltr'><strong>Sueten.</strong></span> <span class='ocrx_word' id='word_1_151' title='bbox 518 2496 611 2550; x_wconf 83' lang='lat' dir='ltr'><strong>Vitell.</strong></span> <span class='ocrx_word' id='word_1_152' title='bbox 628 2515 688 2568; x_wconf 88' lang='lat' dir='ltr'><strong>cap.</strong></span> <span class='ocrx_word' id='word_1_153' title='bbox 702 2495 753 2561; x_wconf 80' lang='lat'><strong>13,</strong></span> <span class='ocrx_word' id='word_1_154' title='bbox 771 2508 798 2549; x_wconf 86' lang='lat' dir='ltr'><strong>et</strong></span> <span class='ocrx_word' id='word_1_155' title='bbox 811 2497 850 2550; x_wconf 88' lang='lat' dir='ltr'><strong>ibi</strong></span> <span class='ocrx_word' id='word_1_156' title='bbox 893 2510 919 2550; x_wconf 90' lang='lat' dir='ltr'><strong>et</strong></span> <span class='ocrx_word' id='word_1_157' title='bbox 930 2494 1121 2551; x_wconf 76' lang='lat' dir='ltr'><strong>Achaemenide</strong></span> <span class='ocrx_word' id='word_1_158' title='bbox 1134 2498 1208 2552; x_wconf 87' lang='lat' dir='ltr'><strong>inter</strong></span> <span class='ocrx_word' id='word_1_159' title='bbox 1221 2498 1319 2551; x_wconf 78' lang='lat' dir='ltr'><strong>herbas</strong></span> <span class='ocrx_word' id='word_1_160' title='bbox 1329 2492 1398 2565; x_wconf 78' lang='lat' dir='ltr'><strong>magi-</strong></span> 
     </span>
     <span class='ocr_line' id='line_1_21' title="bbox 338 2574 1397 2648; baseline 0 -19"><span class='ocrx_word' id='word_1_161' title='bbox 338 2578 489 2633; x_wconf 77' lang='lat' dir='ltr'><strong>Casaubon.</strong></span> <span class='ocrx_word' id='word_1_162' title='bbox 503 2576 847 2630; x_wconf 69' lang='lat' dir='ltr'><strong>Dim—Damnavitcela.</strong></span> <span class='ocrx_word' id='word_1_163' title='bbox 893 2595 936 2629; x_wconf 85' lang='lat' dir='ltr'><strong>cas</strong></span> <span class='ocrx_word' id='word_1_164' title='bbox 959 2576 1063 2630; x_wconf 83' lang='lat' dir='ltr'><strong>dietum</strong></span> <span class='ocrx_word' id='word_1_165' title='bbox 1086 2588 1127 2630; x_wconf 80' lang='lat' dir='ltr'><strong>est</strong></span> <span class='ocrx_word' id='word_1_166' title='bbox 1144 2578 1289 2648; x_wconf 74' lang='lat' dir='ltr'><strong>superius,</strong></span> <span class='ocrx_word' id='word_1_167' title='bbox 1305 2574 1397 2635; x_wconf 68' lang='lat' dir='ltr'><strong>mv,</strong></span> 
     </span>
     <span class='ocr_line' id='line_1_22' title="bbox 338 2651 1395 2727; baseline -0.004 -19"><span class='ocrx_word' id='word_1_168' title='bbox 338 2658 367 2721; x_wconf 90' lang='lat'><strong>1,</strong></span> <span class='ocrx_word' id='word_1_169' title='bbox 389 2656 425 2708; x_wconf 77' lang='lat'><strong>3:</strong></span> <span class='ocrx_word' id='word_1_170' title='bbox 450 2658 613 2727; x_wconf 73' lang='lat' dir='ltr'><strong>«Reiectum</strong></span> <span class='ocrx_word' id='word_1_171' title='bbox 632 2674 687 2709; x_wconf 85' lang='lat' dir='ltr'><strong>esse</strong></span> <span class='ocrx_word' id='word_1_172' title='bbox 705 2656 741 2708; x_wconf 85' lang='lat' dir='ltr'><strong>ab</strong></span> <span class='ocrx_word' id='word_1_173' title='bbox 761 2656 850 2710; x_wconf 82' lang='lat' dir='ltr'><strong>Ascle·</strong></span> <span class='ocrx_word' id='word_1_174' title='bbox 897 2675 957 2710; x_wconf 68' lang='grc' dir='ltr'><strong>τοι.</strong></span> <span class='ocrx_word' id='word_1_175' title='bbox 972 2654 1214 2710; x_wconf 68' lang='lat' dir='ltr'><strong>Hiran—Salvia</strong></span> <span class='ocrx_word' id='word_1_176' title='bbox 1226 2668 1352 2726; x_wconf 67' lang='lat' dir='ltr'><strong>argentea,</strong></span> <span class='ocrx_word' id='word_1_177' title='bbox 1367 2651 1395 2704; x_wconf 76' lang='lat' dir='ltr'><strong>de</strong></span> 
     </span>
     <span class='ocr_line' id='line_1_23' title="bbox 339 2734 1343 2807; baseline -0.001 -19"><span class='ocrx_word' id='word_1_178' title='bbox 339 2734 419 2806; x_wconf 80' lang='lat' dir='ltr'><strong>piade</strong></span> <span class='ocrx_word' id='word_1_179' title='bbox 437 2737 567 2788; x_wconf 85' lang='lat' dir='ltr'><strong>vomitum</strong></span> <span class='ocrx_word' id='word_1_180' title='bbox 592 2735 620 2787; x_wconf 89' lang='lat' dir='ltr'><strong>in</strong></span> <span class='ocrx_word' id='word_1_181' title='bbox 643 2753 676 2787; x_wconf 86' lang='lat' dir='ltr'><strong>eo</strong></span> <span class='ocrx_word' id='word_1_182' title='bbox 696 2734 848 2802; x_wconf 82' lang='lat' dir='ltr'><strong>volumine,</strong></span> <span class='ocrx_word' id='word_1_183' title='bbox 892 2754 945 2807; x_wconf 85' lang='lat' dir='ltr'><strong>qna</strong></span> <span class='ocrx_word' id='word_1_184' title='bbox 954 2736 1056 2807; x_wconf 84' lang='lat' dir='ltr'><strong>egimus</strong></span> <span class='ocrx_word' id='word_1_185' title='bbox 1068 2736 1121 2791; x_wconf 89' lang='lat' dir='ltr'><strong>loc.</strong></span> <span class='ocrx_word' id='word_1_186' title='bbox 1133 2754 1194 2807; x_wconf 87' lang='lat' dir='ltr'><strong>sup.</strong></span> <span class='ocrx_word' id='word_1_187' title='bbox 1211 2736 1285 2789; x_wconf 82' lang='lat' dir='ltr'><strong>land.</strong></span> <span class='ocrx_word' id='word_1_188' title='bbox 1295 2737 1343 2789; x_wconf 82' lang='lat' dir='ltr'><strong>Eo.</strong></span> 
     </span>
     <span class='ocr_line' id='line_1_24' title="bbox 339 2812 1391 2887; baseline -0.004 -20"><span class='ocrx_word' id='word_1_189' title='bbox 339 2813 414 2887; x_wconf 88' lang='lat' dir='ltr'><strong>quod</strong></span> <span class='ocrx_word' id='word_1_190' title='bbox 432 2812 466 2867; x_wconf 86' lang='lat' dir='ltr'><strong>de</strong></span> <span class='ocrx_word' id='word_1_191' title='bbox 486 2812 586 2867; x_wconf 86' lang='lat' dir='ltr'><strong>tuenda</strong></span> <span class='ocrx_word' id='word_1_192' title='bbox 608 2814 722 2867; x_wconf 86' lang='lat' dir='ltr'><strong>Sanitate</strong></span> <span class='ocrx_word' id='word_1_193' title='bbox 739 2834 849 2887; x_wconf 90' lang='lat' dir='ltr'><strong>compo·</strong></span> <span class='ocrx_word' id='word_1_194' title='bbox 936 2835 961 2869; x_wconf 76' lang='lat' dir='ltr'><strong>a.</strong></span> <span class='ocrx_word' id='word_1_195' title='bbox 985 2818 1034 2868; x_wconf 83' lang='lat' dir='ltr'><strong>Tot</strong></span> <span class='ocrx_word' id='word_1_196' title='bbox 1053 2835 1120 2886; x_wconf 72' lang='lat' dir='ltr'><strong>reges</strong></span> <span class='ocrx_word' id='word_1_197' title='bbox 1145 2816 1292 2886; x_wconf 73' lang='lat' dir='ltr'><strong>Magniana.</strong></span> <span class='ocrx_word' id='word_1_198' title='bbox 1306 2812 1391 2867; x_wconf 79' lang='lat' dir='ltr'><strong>llultoa</strong></span> 
     </span>
     <span class='ocr_line' id='line_1_25' title="bbox 339 2892 1389 2967; baseline -0.003 -20"><span class='ocrx_word' id='word_1_199' title='bbox 339 2895 403 2956; x_wconf 81' lang='lat' dir='ltr'><strong>suit,</strong></span> <span class='ocrx_word' id='word_1_200' title='bbox 420 2892 518 2947; x_wconf 87' lang='lat' dir='ltr'><strong>video:</strong></span> <span class='ocrx_word' id='word_1_201' title='bbox 533 2893 849 2965; x_wconf 79' lang='lat' dir='ltr'><strong>nequereprehendo.si</strong></span> <span class='ocrx_word' id='word_1_202' title='bbox 892 2896 919 2948; x_wconf 87' lang='lat' dir='ltr'><strong>in</strong></span> <span class='ocrx_word' id='word_1_203' title='bbox 936 2896 1042 2949; x_wconf 76' lang='lat' dir='ltr'><strong>Parthia</strong></span> <span class='ocrx_word' id='word_1_204' title='bbox 1064 2896 1171 2966; x_wconf 79' lang='lat' dir='ltr'><strong>regulos</strong></span> <span class='ocrx_word' id='word_1_205' title='bbox 1192 2912 1329 2967; x_wconf 81' lang='lat' dir='ltr'><strong>magorum</strong></span> <span class='ocrx_word' id='word_1_206' title='bbox 1347 2892 1389 2944; x_wconf 81' lang='lat' dir='ltr'><strong>hot</strong></span> 
     </span>
     <span class='ocr_line' id='line_1_26' title="bbox 338 2970 1390 3047; baseline -0.005 -20"><span class='ocrx_word' id='word_1_207' title='bbox 338 2974 457 3027; x_wconf 77' lang='lat' dir='ltr'><strong>offensus</strong></span> <span class='ocrx_word' id='word_1_208' title='bbox 473 2986 513 3025; x_wconf 84' lang='lat' dir='ltr'><strong>est</strong></span> <span class='ocrx_word' id='word_1_209' title='bbox 529 2992 622 3026; x_wconf 86' lang='lat' dir='ltr'><strong>eorum</strong></span> <span class='ocrx_word' id='word_1_210' title='bbox 642 2973 848 3039; x_wconf 86' lang='lat' dir='ltr'><strong>consuetudine,</strong></span> <span class='ocrx_word' id='word_1_211' title='bbox 892 2974 1002 3027; x_wconf 85' lang='lat' dir='ltr'><strong>nomine</strong></span> <span class='ocrx_word' id='word_1_212' title='bbox 1017 2974 1121 3028; x_wconf 87' lang='lat' dir='ltr'><strong>Plinius</strong></span> <span class='ocrx_word' id='word_1_213' title='bbox 1133 2972 1275 3047; x_wconf 83' lang='lat' dir='ltr'><strong>designat:</strong></span> <span class='ocrx_word' id='word_1_214' title='bbox 1290 2992 1339 3027; x_wconf 85' lang='lat' dir='ltr'><strong>non</strong></span> <span class='ocrx_word' id='word_1_215' title='bbox 1347 2970 1390 3023; x_wconf 79' lang='lat' dir='ltr'><strong>tli-</strong></span> 
     </span>
     <span class='ocr_line' id='line_1_27' title="bbox 338 3050 1387 3126; baseline 0.003 -20"><span class='ocrx_word' id='word_1_216' title='bbox 338 3055 385 3126; x_wconf 84' lang='lat' dir='ltr'><strong>qui</strong></span> <span class='ocrx_word' id='word_1_217' title='bbox 402 3050 521 3125; x_wconf 85' lang='lat' dir='ltr'><strong>qnotidie</strong></span> <span class='ocrx_word' id='word_1_218' title='bbox 534 3051 666 3123; x_wconf 81' lang='lat' dir='ltr'><strong>ejiciendo</strong></span> <span class='ocrx_word' id='word_1_219' title='bbox 681 3052 794 3107; x_wconf 82' lang='lat' dir='ltr'><strong>vorandi</strong></span> <span class='ocrx_word' id='word_1_220' title='bbox 811 3055 850 3107; x_wconf 82' lang='lat' dir='ltr'><strong>la·</strong></span> <span class='ocrx_word' id='word_1_221' title='bbox 892 3052 1036 3107; x_wconf 87' lang='lat' dir='ltr'><strong>tbridatem</strong></span> <span class='ocrx_word' id='word_1_222' title='bbox 1058 3073 1156 3119; x_wconf 81' lang='lat' dir='ltr'><strong>uniam,</strong></span> <span class='ocrx_word' id='word_1_223' title='bbox 1187 3057 1232 3109; x_wconf 79' lang='lat' dir='ltr'><strong>vel</strong></span> <span class='ocrx_word' id='word_1_224' title='bbox 1252 3054 1387 3125; x_wconf 66' lang='lat' dir='ltr'><strong>Tigranem·</strong></span> 
     </span>
     <span class='ocr_line' id='line_1_28' title="bbox 339 3130 1339 3205; baseline -0.004 -18"><span class='ocrx_word' id='word_1_225' title='bbox 339 3135 465 3187; x_wconf 85' lang='lat' dir='ltr'><strong>cultatem</strong></span> <span class='ocrx_word' id='word_1_226' title='bbox 481 3132 646 3195; x_wconf 84' lang='lat' dir='ltr'><strong>moliuntur,</strong></span> <span class='ocrx_word' id='word_1_227' title='bbox 661 3145 711 3185; x_wconf 85' lang='lat' dir='ltr'><strong>ete.</strong></span> <span class='ocrx_word' id='word_1_228' title='bbox 727 3159 738 3179; x_wconf 83' lang='grc' dir='ltr'>ι</span> <span class='ocrx_word' id='word_1_229' title='bbox 756 3133 848 3187; x_wconf 79' lang='lat' dir='ltr'><strong>Hine.</strong></span> <span class='ocrx_word' id='word_1_230' title='bbox 894 3130 1017 3187; x_wconf 80' lang='lat' dir='ltr'><strong>Vidlib.</strong></span> <span class='ocrx_word' id='word_1_231' title='bbox 1034 3133 1126 3193; x_wconf 84' lang='lat' dir='ltr'>XXX,</span> <span class='ocrx_word' id='word_1_232' title='bbox 1139 3152 1201 3205; x_wconf 81' lang='lat' dir='ltr'><strong>cap.</strong></span> <span class='ocrx_word' id='word_1_233' title='bbox 1217 3154 1241 3189; x_wconf 78' lang='grc' dir='ltr'><strong>ι.</strong></span> <span class='ocrx_word' id='word_1_234' title='bbox 1255 3136 1339 3188; x_wconf 81' lang='lat' dir='ltr'><strong>llun.</strong></span> 
     </span>
     <span class='ocr_line' id='line_1_29' title="bbox 382 3210 1385 3285; baseline -0.003 -19"><span class='ocrx_word' id='word_1_235' title='bbox 382 3214 426 3266; x_wconf 79' lang='lat'><strong>13.</strong></span> <span class='ocrx_word' id='word_1_236' title='bbox 437 3214 565 3281; x_wconf 80' lang='lat' dir='ltr'><strong>Arguit-et</strong></span> <span class='ocrx_word' id='word_1_237' title='bbox 573 3212 795 3265; x_wconf 81' lang='lat' dir='ltr'><strong>medicamentorum</strong></span> <span class='ocrx_word' id='word_1_238' title='bbox 807 3233 850 3285; x_wconf 80' lang='lat' dir='ltr'><strong>po·</strong></span> <span class='ocrx_word' id='word_1_239' title='bbox 934 3210 960 3264; x_wconf 83' lang='lat'><strong>3.</strong></span> <span class='ocrx_word' id='word_1_240' title='bbox 980 3214 1179 3267; x_wconf 72' lang='lat' dir='ltr'><strong>commerciorum</strong></span> <span class='ocrx_word' id='word_1_241' title='bbox 1200 3216 1385 3267; x_wconf 66' lang='lat' dir='ltr'><strong>kadmium</strong></span> 
     </span>
     <span class='ocr_line' id='line_1_30' title="bbox 339 3290 1385 3363; baseline -0.001 -19"><span class='ocrx_word' id='word_1_242' title='bbox 339 3307 390 3359; x_wconf 83' lang='lat' dir='ltr'><strong>tus,</strong></span> <span class='ocrx_word' id='word_1_243' title='bbox 400 3306 453 3346; x_wconf 84' lang='lat' dir='ltr'><strong>etc.</strong></span> <span class='ocrx_word' id='word_1_244' title='bbox 464 3292 532 3345; x_wconf 82' lang='lat' dir='ltr'><strong>Cels</strong></span> <span class='ocrx_word' id='word_1_245' title='bbox 547 3292 574 3344; x_wconf 93' lang='lat' dir='ltr'><strong>iu</strong></span> <span class='ocrx_word' id='word_1_246' title='bbox 588 3292 762 3363; x_wconf 69' lang='lat' dir='ltr'><strong>prettinv:</strong></span> <span class='ocrx_word' id='word_1_247' title='bbox 774 3316 784 3337; x_wconf 85' lang='grc' dir='ltr'>ι</span> <span class='ocrx_word' id='word_1_248' title='bbox 795 3292 850 3347; x_wconf 81' lang='lat' dir='ltr'><strong>ble-</strong></span> <span class='ocrx_word' id='word_1_249' title='bbox 893 3290 934 3345; x_wconf 85' lang='lat' dir='ltr'><strong>Ne</strong></span> <span class='ocrx_word' id='word_1_250' title='bbox 949 3292 1028 3345; x_wconf 90' lang='lat' dir='ltr'><strong>militi</strong></span> <span class='ocrx_word' id='word_1_251' title='bbox 1038 3306 1205 3347; x_wconf 87' lang='lat' dir='ltr'><strong>commeatus</strong></span> <span class='ocrx_word' id='word_1_252' title='bbox 1218 3294 1330 3356; x_wconf 80' lang='lat' dir='ltr'><strong>deesset,</strong></span> <span class='ocrx_word' id='word_1_253' title='bbox 1342 3290 1385 3343; x_wconf 77' lang='lat' dir='ltr'><strong>ln·</strong></span> 
     </span>
     <span class='ocr_line' id='line_1_31' title="bbox 338 3371 1385 3446; baseline -0.004 -20"><span class='ocrx_word' id='word_1_254' title='bbox 338 3371 549 3426; x_wconf 86' lang='lat' dir='ltr'><strong>dicamentorum</strong></span> <span class='ocrx_word' id='word_1_255' title='bbox 556 3390 635 3424; x_wconf 89' lang='lat' dir='ltr'><strong>usum</strong></span> <span class='ocrx_word' id='word_1_256' title='bbox 649 3392 681 3425; x_wconf 85' lang='lat' dir='ltr'><strong>ex</strong></span> <span class='ocrx_word' id='word_1_257' title='bbox 690 3391 849 3443; x_wconf 73' lang='lat' dir='ltr'><strong>magnaper·</strong></span> <span class='ocrx_word' id='word_1_258' title='bbox 890 3384 944 3425; x_wconf 90' lang='lat' dir='ltr'><strong>stra</strong></span> <span class='ocrx_word' id='word_1_259' title='bbox 957 3372 1127 3426; x_wconf 82' lang='lat' dir='ltr'><strong>laborabant:</strong></span> <span class='ocrx_word' id='word_1_260' title='bbox 1138 3374 1208 3446; x_wconf 87' lang='lat' dir='ltr'><strong>quin</strong></span> <span class='ocrx_word' id='word_1_261' title='bbox 1219 3375 1290 3428; x_wconf 85' lang='lat' dir='ltr'><strong>enim</strong></span> <span class='ocrx_word' id='word_1_262' title='bbox 1303 3372 1385 3423; x_wconf 73' lang='lat' dir='ltr'><strong>latacen</strong></span> 
     </span>
     <span class='ocr_line' id='line_1_32' title="bbox 339 3448 1352 3522; baseline -0.005 -16"><span class='ocrx_word' id='word_1_263' title='bbox 339 3465 366 3506; x_wconf 87' lang='lat' dir='ltr'><strong>te</strong></span> <span class='ocrx_word' id='word_1_264' title='bbox 377 3448 549 3522; x_wconf 81' lang='lat' dir='ltr'><strong>Asclepiades</strong></span> <span class='ocrx_word' id='word_1_265' title='bbox 563 3470 617 3505; x_wconf 89' lang='lat' dir='ltr'><strong>non</strong></span> <span class='ocrx_word' id='word_1_266' title='bbox 633 3452 691 3504; x_wconf 84' lang='lat' dir='ltr'><strong>sine</strong></span> <span class='ocrx_word' id='word_1_267' title='bbox 703 3470 783 3506; x_wconf 82' lang='lat' dir='ltr'><strong>causa</strong></span> <span class='ocrx_word' id='word_1_268' title='bbox 793 3470 848 3505; x_wconf 89' lang='lat' dir='ltr'><strong>sus·</strong></span> <span class='ocrx_word' id='word_1_269' title='bbox 891 3451 942 3505; x_wconf 89' lang='lat' dir='ltr'><strong>sibi</strong></span> <span class='ocrx_word' id='word_1_270' title='bbox 958 3452 1114 3506; x_wconf 81' lang='lat' dir='ltr'><strong>coemebant</strong></span> <span class='ocrx_word' id='word_1_271' title='bbox 1128 3472 1142 3505; x_wconf 82' lang='lat' dir='ltr'><strong>a</strong></span> <span class='ocrx_word' id='word_1_272' title='bbox 1155 3454 1244 3507; x_wconf 80' lang='lat' dir='ltr'><strong>Persis</strong></span> <span class='ocrx_word' id='word_1_273' title='bbox 1253 3454 1352 3505; x_wconf 80' lang='lat' dir='ltr'><strong>?llun.</strong></span> 
     </span>
     <span class='ocr_line' id='line_1_33' title="bbox 338 3530 1382 3603; baseline -0.001 -17"><span class='ocrx_word' id='word_1_274' title='bbox 338 3532 415 3591; x_wconf 72' lang='lat' dir='ltr'><strong>tulit:</strong></span> <span class='ocrx_word' id='word_1_275' title='bbox 428 3543 453 3585; x_wconf 83' lang='lat' dir='ltr'><strong>et</strong></span> <span class='ocrx_word' id='word_1_276' title='bbox 466 3549 549 3603; x_wconf 90' lang='lat' dir='ltr'><strong>quum</strong></span> <span class='ocrx_word' id='word_1_277' title='bbox 566 3532 720 3584; x_wconf 82' lang='lat' dir='ltr'><strong>omniafere</strong></span> <span class='ocrx_word' id='word_1_278' title='bbox 733 3530 848 3585; x_wconf 86' lang='lat' dir='ltr'><strong>medica·</strong></span> <span class='ocrx_word' id='word_1_279' title='bbox 933 3538 959 3596; x_wconf 76' lang='grc'><strong>4.</strong></span> <span class='ocrx_word' id='word_1_280' title='bbox 973 3532 1027 3585; x_wconf 83' lang='lat' dir='ltr'><strong>Cur</strong></span> <span class='ocrx_word' id='word_1_281' title='bbox 1037 3532 1132 3585; x_wconf 77' lang='lat' dir='ltr'><strong>hemule</strong></span> <span class='ocrx_word' id='word_1_282' title='bbox 1146 3532 1254 3586; x_wconf 71' lang='lat' dir='ltr'><strong>Caesarii</strong></span> <span class='ocrx_word' id='word_1_283' title='bbox 1266 3533 1333 3585; x_wconf 60' lang='lat' dir='ltr'><strong>mlix,</strong></span> <span class='ocrx_word' id='word_1_284' title='bbox 1343 3540 1382 3579; x_wconf 80' lang='lat' dir='ltr'><strong>etc.</strong></span> 
     </span>
     <span class='ocr_line' id='line_1_34' title="bbox 338 3608 1383 3683; baseline -0.002 -18"><span class='ocrx_word' id='word_1_285' title='bbox 338 3624 427 3665; x_wconf 87' lang='lat' dir='ltr'><strong>menta</strong></span> <span class='ocrx_word' id='word_1_286' title='bbox 437 3610 601 3665; x_wconf 90' lang='lat' dir='ltr'><strong>stomachum</strong></span> <span class='ocrx_word' id='word_1_287' title='bbox 610 3608 718 3669; x_wconf 73' lang='lat' dir='ltr'><strong>ladam.</strong></span> <span class='ocrx_word' id='word_1_288' title='bbox 731 3612 847 3683; x_wconf 86' lang='lat' dir='ltr'><strong>malique</strong></span> <span class='ocrx_word' id='word_1_289' title='bbox 891 3608 1030 3664; x_wconf 85' lang='lat' dir='ltr'><strong>Frumenti</strong></span> <span class='ocrx_word' id='word_1_290' title='bbox 1040 3613 1153 3683; x_wconf 85' lang='lat' dir='ltr'><strong>penuria</strong></span> <span class='ocrx_word' id='word_1_291' title='bbox 1169 3613 1302 3667; x_wconf 73' lang='lat' dir='ltr'><strong>laborasse</strong></span> <span class='ocrx_word' id='word_1_292' title='bbox 1314 3610 1383 3663; x_wconf 62' lang='lat' dir='ltr'><strong>Cett-</strong></span> 
     </span>
     <span class='ocr_line' id='line_1_35' title="bbox 336 3686 1379 3760; baseline 0.001 -15"><span class='ocrx_word' id='word_1_293' title='bbox 336 3692 409 3745; x_wconf 80' lang='lat' dir='ltr'><strong>anoci</strong></span> <span class='ocrx_word' id='word_1_294' title='bbox 430 3690 497 3754; x_wconf 84' lang='lat' dir='ltr'><strong>sint,</strong></span> <span class='ocrx_word' id='word_1_295' title='bbox 513 3689 547 3744; x_wconf 90' lang='lat' dir='ltr'><strong>nd</strong></span> <span class='ocrx_word' id='word_1_296' title='bbox 563 3689 646 3760; x_wconf 85' lang='lat' dir='ltr'><strong>ipsius</strong></span> <span class='ocrx_word' id='word_1_297' title='bbox 662 3690 749 3744; x_wconf 83' lang='lat' dir='ltr'><strong>victus</strong></span> <span class='ocrx_word' id='word_1_298' title='bbox 767 3692 848 3744; x_wconf 88' lang='lat' dir='ltr'><strong>ratio·</strong></span> <span class='ocrx_word' id='word_1_299' title='bbox 890 3690 927 3743; x_wconf 90' lang='lat' dir='ltr'><strong>ris</strong></span> <span class='ocrx_word' id='word_1_300' title='bbox 947 3692 1103 3755; x_wconf 79' lang='lat' dir='ltr'><strong>exercitum,</strong></span> <span class='ocrx_word' id='word_1_301' title='bbox 1123 3693 1219 3747; x_wconf 82' lang='lat' dir='ltr'><strong>scribit</strong></span> <span class='ocrx_word' id='word_1_302' title='bbox 1236 3694 1310 3745; x_wconf 74' lang='lat' dir='ltr'><strong>edam</strong></span> <span class='ocrx_word' id='word_1_303' title='bbox 1326 3686 1379 3746; x_wconf 77' lang='lat' dir='ltr'><strong>ffio.</strong></span> 
     </span>
     <span class='ocr_line' id='line_1_36' title="bbox 337 3764 1380 3843; baseline -0.002 -19"><span class='ocrx_word' id='word_1_304' title='bbox 337 3790 398 3825; x_wconf 72' lang='lat' dir='ltr'><strong>netu</strong></span> <span class='ocrx_word' id='word_1_305' title='bbox 419 3769 510 3841; x_wconf 86' lang='lat' dir='ltr'><strong>potius</strong></span> <span class='ocrx_word' id='word_1_306' title='bbox 529 3788 636 3822; x_wconf 84' lang='lat' dir='ltr'><strong>omnam</strong></span> <span class='ocrx_word' id='word_1_307' title='bbox 662 3788 754 3823; x_wconf 90' lang='lat' dir='ltr'><strong>curam</strong></span> <span class='ocrx_word' id='word_1_308' title='bbox 773 3788 847 3824; x_wconf 86' lang='lat' dir='ltr'><strong>auam</strong></span> <span class='ocrx_word' id='word_1_309' title='bbox 890 3770 938 3822; x_wconf 88' lang='lat' dir='ltr'><strong>lib.</strong></span> <span class='ocrx_word' id='word_1_310' title='bbox 949 3771 1021 3837; x_wconf 87' lang='lat' dir='ltr'><strong>XLI,</strong></span> <span class='ocrx_word' id='word_1_311' title='bbox 1035 3771 1215 3843; x_wconf 83' lang='lat' dir='ltr'><strong>p.198.Vide</strong></span> <span class='ocrx_word' id='word_1_312' title='bbox 1226 3764 1380 3837; x_wconf 77' lang='lat' dir='ltr'><strong>et&#39;l&#39;ranquil·</strong></span> 
     </span>
     <span class='ocr_line' id='line_1_37' title="bbox 336 3844 1399 3913; baseline -0.002 -9"><span class='ocrx_word' id='word_1_313' title='bbox 336 3849 477 3904; x_wconf 89' lang='lat' dir='ltr'><strong>transtulit.</strong></span> <span class='ocrx_word' id='word_1_314' title='bbox 494 3875 505 3896; x_wconf 57' lang='grc' dir='ltr'><strong><em>η</em></strong></span> <span class='ocrx_word' id='word_1_315' title='bbox 521 3850 614 3902; x_wconf 78' lang='lat' dir='ltr'><strong>Hsnn.</strong></span> <span class='ocrx_word' id='word_1_316' title='bbox 807 3852 810 3859; x_wconf 90' lang='grc'><strong><em>’</em></strong></span> <span class='ocrx_word' id='word_1_317' title='bbox 890 3848 1095 3913; x_wconf 83' lang='lat' dir='ltr'><strong>lum,inJuti0,</strong></span> <span class='ocrx_word' id='word_1_318' title='bbox 1111 3870 1135 3905; x_wconf 87' lang='lat' dir='ltr'><strong>c.</strong></span> <span class='ocrx_word' id='word_1_319' title='bbox 1151 3844 1399 3905; x_wconf 49' lang='lat' dir='ltr'><strong>exeunti-lla*</strong></span> 
     </span>
     <span class='ocr_line' id='line_1_38' title="bbox 381 3927 1378 4003; baseline -0.001 -21"><span class='ocrx_word' id='word_1_320' title='bbox 381 3939 425 3992; x_wconf 71' lang='lat'><strong>¹4·</strong></span> <span class='ocrx_word' id='word_1_321' title='bbox 448 3928 543 3998; x_wconf 76' lang='lat' dir='ltr'><strong>Magna</strong></span> <span class='ocrx_word' id='word_1_322' title='bbox 564 3948 594 3979; x_wconf 74' lang='lat' dir='ltr'><strong>ea</strong></span> <span class='ocrx_word' id='word_1_323' title='bbox 611 3941 692 3999; x_wconf 79' lang='lat' dir='ltr'><strong>parte.</strong></span> <span class='ocrx_word' id='word_1_324' title='bbox 715 3927 796 4003; x_wconf 87' lang='lat' dir='ltr'><strong>Quod</strong></span> <span class='ocrx_word' id='word_1_325' title='bbox 819 3943 846 3982; x_wconf 85' lang='lat' dir='ltr'><strong>et</strong></span> <span class='ocrx_word' id='word_1_326' title='bbox 890 3931 1057 3983; x_wconf 78' lang='lat' dir='ltr'><strong>cule.Vocem</strong></span> <span class='ocrx_word' id='word_1_327' title='bbox 1065 3930 1378 4002; x_wconf 63' lang='lat' dir='ltr'><strong>haucBmtignontqss</strong></span> 
     </span>
     <span class='ocr_line' id='line_1_39' title="bbox 335 4004 1377 4080; baseline 0 -19"><span class='ocrx_word' id='word_1_328' title='bbox 335 4028 429 4079; x_wconf 80' lang='lat' dir='ltr'><strong>magna</strong></span> <span class='ocrx_word' id='word_1_329' title='bbox 449 4026 510 4078; x_wconf 82' lang='lat' dir='ltr'><strong>pars</strong></span> <span class='ocrx_word' id='word_1_330' title='bbox 530 4007 695 4061; x_wconf 86' lang='lat' dir='ltr'><strong>medicorum</strong></span> <span class='ocrx_word' id='word_1_331' title='bbox 715 4021 793 4061; x_wconf 85' lang='lat' dir='ltr'><strong>vetat.</strong></span> <span class='ocrx_word' id='word_1_332' title='bbox 809 4010 843 4063; x_wconf 87' lang='lat' dir='ltr'><strong>H.</strong></span> <span class='ocrx_word' id='word_1_333' title='bbox 888 4008 1032 4063; x_wconf 87' lang='lat' dir='ltr'><strong>commode</strong></span> <span class='ocrx_word' id='word_1_334' title='bbox 1052 4011 1142 4065; x_wconf 83' lang='lat' dir='ltr'><strong>abesse</strong></span> <span class='ocrx_word' id='word_1_335' title='bbox 1159 4012 1259 4080; x_wconf 62' lang='lat' dir='ltr'><strong>possin</strong></span> <span class='ocrx_word' id='word_1_336' title='bbox 1279 4004 1319 4061; x_wconf 79' lang='lat' dir='ltr'><strong>sed</strong></span> <span class='ocrx_word' id='word_1_337' title='bbox 1333 4019 1377 4056; x_wconf 64' lang='lat' dir='ltr'><strong>affl</strong></span> 
     </span>
     <span class='ocr_line' id='line_1_40' title="bbox 373 4083 1373 4159; baseline -0.007 -19"><span class='ocrx_word' id='word_1_338' title='bbox 373 4088 421 4140; x_wconf 76' lang='lat' dir='ltr'><strong>lx.</strong></span> <span class='ocrx_word' id='word_1_339' title='bbox 444 4106 466 4139; x_wconf 88' lang='lat' dir='ltr'><strong>r.</strong></span> <span class='ocrx_word' id='word_1_340' title='bbox 479 4087 625 4159; x_wconf 77' lang='lat' dir='ltr'><strong>AEthiopide</strong></span> <span class='ocrx_word' id='word_1_341' title='bbox 640 4090 711 4139; x_wconf 70' lang='lat' dir='ltr'><strong>lierda</strong></span> <span class='ocrx_word' id='word_1_342' title='bbox 723 4108 803 4140; x_wconf 81' lang='lat' dir='ltr'><strong>amnes</strong></span> <span class='ocrx_word' id='word_1_343' title='bbox 814 4109 843 4141; x_wconf 84' lang='lat' dir='ltr'><strong>ac</strong></span> <span class='ocrx_word' id='word_1_344' title='bbox 889 4088 1194 4145; x_wconf 63' lang='lat' dir='ltr'><strong>onomarchum.</strong></span> <span class='ocrx_word' id='word_1_345' title='bbox 1206 4083 1373 4143; x_wconf 73' lang='lat' dir='ltr'><strong>exhihentbn.</strong></span> 
     </span>
    </p>
   </div>
   <div class='ocr_carea' id='block_1_4' title="bbox 0 0 1468 5009">
    <p class='ocr_par' dir='ltr' id='par_1_6' title="bbox 0 0 1468 5009">
     <span class='ocr_line' id='line_1_41' title="bbox 0 0 1468 5009; baseline 0 2"><span class='ocrx_word' id='word_1_346' title='bbox 0 0 1468 5009; x_wconf 95' lang='lat' dir='ltr'><strong> </strong></span> 
     </span>
    </p>
   </div>
  </div>
 </body>
</html>
