2925 5009
366 436 432 535 176
709 436 994 508 uxcuasus
1019 442 1082 511 111

359 568 515 615 enarrantur
526 556 758 629 extollunturapuet
773 556 820 611 aed
834 570 863 611 ut
874 558 1007 633 intelligat
1015 561 1075 615 iatic
1083 561 1233 615 Homer-um
1251 576 1384 617 naturam
1396 582 1414 615 a

357 668 418 704 ram
429 657 573 718 sequutum
592 662 663 708 erae,
677 656 707 697 ut
721 644 831 701 doceret
843 647 999 719 aimpliciter
1010 649 1076 722 qnid
1089 651 1119 703 in
1133 668 1201 704 ocra
1212 642 1343 723 objecti,
1355 670 1414 724 eaqa

357 734 531 797 delectabilia,
540 730 760 805 perapirientibca
768 731 889 787 acc'uleae
898 735 998 803 aoleet,
1011 735 1085 809 qnod
1095 754 1160 789 cram
1174 738 1248 809 regia
1260 738 1414 811 magnilica

356 826 411 890 tia,
435 834 461 875 et
481 822 635 893 nuptiarum
653 832 801 894 apparatu,
817 840 879 893 qao
895 834 962 877 mac
980 825 1108 895 tempor-ia
1122 824 1198 898 apud
1215 828 1377 881 llenelamra
1394 844 1414 880 o

355 912 539 975 lebrabuntur,
549 920 716 980 congrueret.
730 912 829 963 lloraua
841 928 892 964 ceu
910 912 982 965 inter
1000 912 1051 966 alia
1069 913 1257 983 ponderantur
1272 915 1414 987 excogitata

355 1019 418 1073 quar
432 999 536 1052 llelenta
549 996 724 1070 pharmacum
745 1011 956 1071 cooaequuntor.
969 1000 1051 1067 Quod
1065 999 1087 1054 ci
1101 1000 1155 1055 hoe
1168 1000 1254 1055 modo
1269 1022 1329 1057 noa
1347 1022 1391 1057 rer
1405 1022 1414 1055 a

355 1088 479 1155 haberet,
495 1084 567 1139 hand
582 1086 711 1139 Crantore
724 1086 831 1157 plenius
844 1100 870 1139 er
890 1088 985 1141 melina
998 1087 1123 1142 adveraoa
1138 1090 1241 1142 luctum
1264 1104 1375 1165 poetam
1387 1110 1414 1143 na

355 1189 439 1231 atrum
455 1174 627 1229 concinnasse
638 1174 758 1229 remedia
772 1174 917 1229 dicendum
932 1178 1010 1231 foret.
1021 1176 1074 1231 Sed
1094 1179 1151 1231 lere
1163 1179 1192 1231 in
1204 1178 1259 1232 laac
1268 1199 1301 1233 re
1312 1180 1414 1252 pleriqa

355 1263 493 1319 hominum
507 1280 648 1334 perperam
661 1262 786 1326 iaciunt,
803 1282 888 1335 quum
899 1264 973 1317 tetria
986 1266 1107 1319 acatibna
1118 1265 1266 1338 atratiaqaae
1275 1269 1368 1321 anlnia
1376 1286 1414 1321 ια

354 1372 386 1408 ac
403 1364 482 1405 totam
493 1350 602 1405 domum
615 1349 798 1421 denigrantea,
817 1351 916 1405 amotis
927 1352 1063 1423 pictorum
1078 1354 1176 1407 tabum
1190 1374 1222 1409 ac
1232 1357 1341 1411 euteria
1355 1372 1414 1409 oraa

353 1440 463 1505 mentia,
477 1438 554 1493 unice
569 1438 719 1506 atudcnt,nt
732 1451 891 1494 maeroreaet
900 1442 988 1495 lactna
998 1442 1214 1514 aibicomparect
1225 1457 1255 1497 et
1264 1443 1412 1499 adeca'acant

354 1530 421 1585 dum
436 1546 544 1601 proram
557 1528 584 1579 ln
604 1528 736 1582 contraria
757 1526 845 1582 etudia
863 1530 1074 1594 incumbendum
1089 1545 1166 1587 eaaet.
1181 1558 1195 1579 α
1205 1533 1348 1606 Quodque
1362 1553 1413 1587 nna

355 1619 485 1681 facimua,
501 1629 531 1670 ut
551 1600 640 1669 'verbis
659 1616 797 1669 Ciceronis
809 1616 913 1683 dicam,
926 1637 1010 1691 quum
1024 1620 1107 1674 laxati
1119 1622 1189 1675 curia
1203 1640 1316 1689 annana,
1331 1637 1363 1678 nt
1373 1642 1413 1694 ape

353 1720 427 1761 ctare
441 1702 543 1777 aliquid
558 1706 684 1769 velimua,
701 1716 727 1758 et
741 1706 827 1761 virere
839 1728 868 1759 :-
881 1706 911 1761 id
924 1710 1012 1762 multo
1022 1723 1087 1762 tunc
1100 1710 1255 1765 laciendum
1267 1714 1414 1767 accuratim

353 1810 379 1851 et
393 1796 480 1868 rigna,
494 1794 597 1848 tabular
610 1794 709 1866 pictae,
724 1812 785 1849 aaaa
797 1795 889 1850 colata
899 1796 1006 1863 mirari,
1018 1810 1047 1851 et
1058 1798 1250 1871 quodcumque
1262 1803 1308 1854 vel
1321 1802 1356 1855 ala
1364 1812 1414 1853 arte

353 1870 395 1940 rel
407 1904 423 1939 a
437 1896 532 1937 natura
550 1882 772 1949 commendatur,
785 1885 917 1956 inqaicere
927 1897 954 1938 et
966 1888 1142 1959 contemplari
1154 1887 1340 1945 dattenuelt
1352 1891 1413 1943 etiaa

354 1973 446 2029 nocuit
458 1972 605 2034 nomem,
619 1970 700 2023 rnen.
716 1971 935 2036 numento.
947 1974 1024 2027 om.
1045 1976 1119 2043 1103
1139 1994 1201 2029 mm
1217 1962 1413 2050 etypenm'nin

355 2060 470 2117 artificio
484 2060 518 2117 ab
539 2060 663 2113 Vulcano
685 2060 881 2125 fabrefactum,
903 2080 985 2133 quem
1003 2064 1158 2117 univeraom
1178 2065 1277 2119 carlom
1295 2066 1414 2121 candum

354 2151 443 2223 fingit,
456 2150 593 2221 aciemque
602 2168 634 2203 ac
646 2149 752 2213 lunam,
762 2162 790 2203 et
802 2150 935 2223 eregione
947 2152 1024 2218 auiis,
1038 2172 1122 2218 mare,
1135 2167 1216 2227 atque
1226 2164 1414 2224 remman

354 2255 448 2312 terque
461 2239 584 2311 insuper,
599 2249 625 2291 et
642 2256 741 2292 uxorea
754 2236 901 2305 ducenta,
918 2240 1067 2311 litigantes,
1084 2260 1116 2297 ac
1129 2242 1229 2297 bellum
1248 2246 1325 2301 inter
1340 2264 1368 2300 ae
1381 2262 1414 2315 gr

355 2340 460 2395 rentea,
476 2346 562 2401 quum
576 2325 670 2381 Thetin
686 2326 722 2379 ad
743 2326 875 2380 Achillem
893 2328 1009 2382 Patrocli
1019 2340 1118 2384 'necem
1131 2333 1268 2404 lugentem
1283 2334 1414 2393 aarum,

354 2418 482 2471 continuo
495 2435 526 2470 eo
539 2414 691 2489 spectaculo
701 2427 806 2488 captur,
815 2415 902 2469 diluto
916 2436 1036 2480 moerore,
1051 2420 1139 2493 iuquit
1151 2434 1247 2493 poeta:

512 2542 615 2611 'liparem
632 2537 658 2591 δ’
675 2542 697 2595 iu
711 2541 825 2611 χείρωσιν
840 2543 902 2608 ἔχων
917 2546 968 2596 θεοῦ
983 2542 1066 2615 ἀγλαὰ
1082 2542 1161 2617 diepa.

473 2708 490 2733 .
509 2642 692 2695 oblectabatur,
707 2640 731 2688 in
745 2642 852 2687 manibna
863 2652 946 2690 tenena
958 2644 997 2689 dci
1007 2645 1131 2707 aplendida
1141 2647 1211 2693 dona.

353 2770 451 2845 Ecquia
464 2768 514 2823 niai
529 2769 606 2839 plane
615 2770 743 2839 μισόκαλος
755 2768 796 2823 bia
807 2787 862 2822 aon
875 2771 995 2843 capiatur
1007 2771 1238 2835 oblectationibua,
1250 2774 1348 2846 quibua
1356 2769 1412 2826 deti·

353 2860 412 2915 neri
423 2860 522 2923 bonoa,
537 2854 682 2929 prudenter
693 2869 720 2910 et
737 2855 870 2910 studiceoa
883 2858 955 2912 viror
970 2857 1067 2912 rideo?
1076 2859 1171 2913 Laudo
1181 2861 1262 2914 etiam
1271 2881 1304 2915 ac
1315 2864 1412 2932 cumja-

353 2945 524 3004 cundiaairnir
536 2945 612 2999 hirce
631 2945 856 3017 occupationibua
879 2946 1051 3003 lloaculorunr
1067 2950 1324 3021 contemplationem
1342 2965 1410 3003 aona·

354 3058 441 3103 mero,
458 3035 480 3089 ai
498 3034 517 3087 ii
541 3034 651 3106 quidem
675 3052 728 3088 non
750 3034 785 3088 nd
804 3035 947 3089 hortorum
963 3056 1111 3111 pompam,
1133 3038 1207 3111 quod
1230 3052 1320 3095 atate
1336 3050 1408 3093 nonu

352 3124 501 3183 communie
515 3136 554 3178 eet
568 3135 720 3195 magnatum
736 3124 832 3190 fartos,
850 3124 897 3178 aed
914 3138 1017 3179 tautum
1032 3128 1182 3181 animorum
1194 3146 1276 3181 causa
1295 3127 1409 3202 mpsim

351 3214 440 3271 atndio
456 3213 598 3278 colantur,
614 3222 643 3263 ut
659 3209 715 3283 ipre
735 3212 771 3264 ait
785 3211 819 3264 de
833 3212 967 3266 Conuolat
981 3214 1026 3267 lib.
1041 3216 1083 3278 ll,
1094 3234 1154 3287 cap.
1175 3235 1199 3268 a.

388 3300 441 3355 Sed
466 3310 585 3372 superent
606 3308 636 3351 ut
653 3297 686 3351 de
702 3298 755 3352 hoo
771 3300 848 3353 etiam
869 3300 973 3371 aliquid
998 3301 1140 3367 dicamur,
1161 3302 1235 3374 quod
1248 3304 1319 3359 inter
1336 3307 1407 3358 tuctu

352 3400 524 3445 avocamenta
540 3404 621 3460 aupra
637 3389 913 3443 commemoravimua.
927 3390 997 3442 Dicit
1010 3402 1098 3443 autem
1113 3390 1210 3455 Poeta,
1223 3390 1320 3464 Odycr.
1329 3395 1346 3448 l.
1355 3412 1376 3445 c.

513 3502 569 3565 κᾶλλ’
588 3511 668 3583 ἄγετ’,
685 3513 717 3571 tie
732 3513 796 3568 alana
810 3514 902 3584 rpirret'
915 3514 1008 3581 inice,
1023 3514 1086 3585 ὄφρα
1100 3534 1139 3567 aea
1151 3512 1201 3571 ἤδη

511 3592 579 3673 imp
597 3600 643 3652 'uei
658 3606 765 3673 γλυκιρῷ
779 3602 919 3673 τερπώμεθα
935 3604 1090 3673 κοιμηθέντες.

514 3700 581 3762 Agite
593 3700 664 3755 dum,
677 3700 702 3761 in
713 3702 800 3748 lectum
812 3718 855 3749 noa
864 3704 984 3757 abducite,
998 3720 1080 3750 armac

512 3782 544 3825 Ut
555 3778 643 3826 blando
653 3786 701 3844 jaro
713 3781 856 3829 dormientes
865 3799 1005 3832 reorrrmur.

389 3894 485 3949 Procul
505 3894 589 3951 dubio
608 3899 762 3971 nepenthna
783 3918 881 3962 cauea,
897 3912 927 3953 ut
946 3899 1010 3953 inde
1032 3902 1208 3974 iutelligeres,
1231 3904 1401 3961 curandomiis

353 4004 409 4039 ease
425 3982 458 4037 ale
473 4002 566 4037 aomno
576 4022 585 4047 ,
597 4006 709 4057 quorum
723 3986 825 4041 animoa
843 4006 940 4041 moror
958 3988 1067 4055 iurarit,
1081 4004 1109 4044 ut
1124 3991 1152 4043 io
1164 3992 1268 4046 Priamo
1281 3992 1399 4048 luctuosis·

351 4073 419 4125 aimo
439 4088 510 4136 rene,
526 4071 656 4127 llotnerua
668 4074 745 4128 lliad.
760 4075 806 4128 lib.
820 4074 923 4141 XXIV,
932 4074 1081 4131 evidentius
1095 4077 1295 4135 demonstrauit.
1315 4084 1399 4149 Quem·
