2925 5009
330 507 334 513 ·
436 470 594 544 LIBER
621 472 766 540 XXVI.
1061 476 1127 549 681

50 600 265 695 patefacere,
287 624 389 694 quam
414 603 577 673 machinis
598 601 742 673 claustro
770 628 830 697 per
850 619 899 673 tot
922 630 1027 679 annos
1047 636 1132 705 qua-

51 706 147 775 tere?
178 708 356 777 siccentur
380 708 479 777 hodie
503 695 676 779 Meroidc⁵
695 712 844 779 Pontium
870 702 1035 805 paludes⁶‚
1066 731 1134 787 tan-

51 826 197 907 tumque
228 816 300 907 agri
335 814 534 884 suburbanas
568 815 728 885 reddatur
761 814 897 887 lutat
937 822 1023 890 Nam
1059 848 1165 917 quas

50 918 143 1012 apud
161 918 323 988 eumdem
342 922 573 991 Democritum
590 923 759 992 iuvenitur
778 927 976 1017 compositio
994 928 1133 999 modica·

50 1027 178 1103 menti,
194 1050 266 1119 quo
286 1024 418 1120 pulchri
433 1028 579 1121 bonique
599 1042 634 1095 et
652 1026 811 1098 fortunati
825 1032 1007 1123 gignantur
1022 1032 1131 1123 liberi,

49 1132 104 1199 cui
113 1155 283 1224 umquam
294 1134 469 1203 Persarum
486 1135 557 1227 regi
574 1132 657 1203 taics
668 1120 801 1229 dedit-⁸?
816 1135 941 1206 Mirum
954 1155 1040 1209 esset
1054 1166 1131 1235 pro·

51 1235 163 1324 fecto,
182 1236 358 1330 hucusque
374 1253 568 1333 provectam
583 1238 812 1309 credulitatem
829 1244 1058 1335 antiquorum,
1081 1272 1131 1317 sa·

49 1338 250 1411 luberrimis
278 1358 387 1413 ortam
409 1346 526 1433 initiis3
551 1346 579 1414 si
601 1346 637 1413 in
671 1343 738 1415 ulia
765 1368 802 1413 re
825 1346 962 1417 modurn
985 1350 1131 1423 humana

52 1448 188 1543 ingonia
210 1451 399 1535 novissent,
417 1465 517 1545 atquc
537 1476 606 1521 nou
625 1450 714 1520 banc
735 1452 840 1545 ipsam
863 1453 1061 1527 medicinam
1085 1459 1128 1528 ab

51 1554 254 1649 Asclepiade
268 1569 451 1649 repertam,
463 1582 524 1626 suo
537 1556 612 1625 ioco
626 1557 798 1651 probaturi
807 1558 1126 1633 essemus⁹evectam

53 1657 138 1728 uitta
160 1684 283 1754 magos
305 1665 416 1729 etiam.
444 1662 508 1731 Sed
539 1663 611 1731 haec
638 1676 687 1731 est
713 1664 805 1731 omni
828 1665 861 1731 in
882 1689 918 1733 re
940 1668 1127 1740 animorum

53 1766 222 1854 conditio,
237 1781 275 1835 ut
291 1792 312 1836 a
330 1771 523 1839 necessariis
544 1791 620 1841 orsa
639 1770 759 1864 primo,
776 1785 896 1839 cuncta
916 1778 1128 1867 pervenerint

90 1892 116 1942 ⁵.
129 1889 265 1943 Sinceritas·
274 1890 344 1941 bodie
355 1891 501 1962 AEthr'opr’de
513 1883 525 1963 (
530 1894 569 1947 ric
610 1891 680 1961 perri
691 1892 775 1944 Italia
782 1924 790 1951 ‚
798 1908 858 1962 que
867 1892 936 1945 Urbi
947 1907 985 1948 est
995 1897 1127 1967 proxima.

51 1968 153 2037 mins).
171 1970 280 2022 Omnes
293 1972 428 2041 quinque,
442 1972 568 2037 Meroide3
611 1970 719 2023 Latium
735 1988 835 2024 norum
855 1989 886 2025 ac
900 1986 975 2026 vetus
992 1975 1125 2047 intelligit.

52 2061 80 2100 ut
92 2050 196 2119 opinor
210 2049 291 2101 etism
312 2050 341 2101 in
361 2050 480 2103 chifflet.
497 2070 567 2118 esse,
609 2048 712 2103 Eodem
724 2068 802 2103 sensu
818 2050 921 2117 Florus,
933 2044 974 2105 11‘1
982 2092 989 2118 ‚
1004 2072 1050 2123 19,
1060 2056 1126 2109 Sici·

43 2129 566 2192 'eoiexhibuerinumemdteuroa-
609 2129 671 2182 lium
695 2131 812 2200 appellat
842 2132 1030 2201 uprovincianr
1057 2155 1125 2208 qno·

53 2206 394 2273 ssmide.llocest,berba
402 2211 566 2281 AEthiopide,
609 2208 755 2261 dammodo
786 2210 981 2274 suburbanam,
1009 2238 1020 2261 ι
1047 2216 1122 2286 quod

53 2304 125 2357 qoam
146 2302 176 2342 et
201 2285 350 2341 mercidem
372 2290 500 2361 appellari
519 2289 566 2344 ad·
609 2302 665 2342 erat
680 2306 710 2340 ea
726 2288 797 2341 Urbi
809 2290 902 2343 vicina.
918 2288 1007 2345 Hiran.

53 2368 336 2433 monuimus,XX1V,
354 2388 417 2422 roa.
430 2370 522 2425 Hirro.
649 2370 676 2422 8.
701 2368 755 2420 Cur
773 2386 900 2441 nunquam
920 2370 1047 2423 Persarum
1069 2379 1122 2445 rugi

89 2450 115 2499 6.
127 2448 249 2501 Pontinas
256 2448 368 2518 paludes.
384 2449 485 2503 Circeis
498 2451 564 2505 vici.
607 2448 668 2499 tales
680 2440 824 2514 deditd(aic
832 2438 928 2519 prius).
939 2448 1062 2505 Pintiano
1075 2470 1119 2507 vc-

53 2542 89 2577 ιιι
110 2526 137 2579 ὶιι
160 2544 231 2597 agro
250 2528 362 2591 Latino,
387 2546 452 2599 quas
469 2529 564 2599 viginti
604 2528 660 2580 rior
671 2528 768 2598 scripta
781 2528 882 2580 lectio:
903 2530 975 2581 acui
989 2548 1116 2603 umquam

54 2605 127 2658 trium
140 2608 255 2660 urbium
266 2608 346 2661 tuine
356 2608 491 2661 Matienus
499 2626 563 2679 pro·
605 2606 745 2660 Persarum
755 2607 811 2677 regi
822 2607 881 2660 talis
891 2606 1117 2683 dodim-Neque
1187 2642 1194 2663 ι

55 2680 115 2738 didit
124 2704 213 2758 snpra
221 2686 269 2739 lib.
280 2688 335 2752 ΠΙ,
349 2704 408 2757 cap.
421 2694 446 2741 5.
459 2689 486 2739 Δ
495 2688 563 2741 Cor·
604 2686 681 2739 diter
692 2686 748 2739 iere
758 2684 848 2739 Cbiifl.
867 2698 894 2738 et
905 2688 982 2741 Voss.
996 2688 1041 2743 sed
1053 2694 1117 2744 seri·

56 2764 118 2817 netto
136 2764 263 2836 Cethego
285 2766 339 2819 ille
360 2780 435 2819 antea
461 2768 562 2821 siccatae
603 2764 723 2819 bendum
731 2764 847 2819 detracta
862 2765 1115 2823 litterancuinm-

56 2841 150 2900 fuant
169 2863 289 2917 agerque
302 2846 395 2898 iactus.
411 2832 561 2899 Tbeodori-
603 2862 683 2916 quam
698 2845 836 2897 Persarum
852 2845 908 2915 regi
919 2846 983 2898 tales
995 2844 1087 2902 dedit?
1099 2878 1110 2898 .

55 2938 195 2993 mposten
207 2943 253 2978 rea
262 2926 359 2983 imam,
370 2926 559 2997 perincuriom
601 2942 664 2977 mm
682 2926 738 2975 ralis
749 2924 858 2995 antiqua
873 2924 1003 2995 scripturo
1014 2946 1064 2997 pro
1076 2942 1113 2981 ra-

57 3006 242 3075 «neglectum
260 3005 424 3069 obstructas,
443 3018 470 3059 et
490 3018 560 3059 terra
602 3004 649 3070 tes,
664 3003 693 3057 id
714 3015 765 3065 est,
782 3004 909 3073 pulchros
924 3005 1062 3077 bonosque
1082 3028 1113 3063 ac

56 3076 165 3155 limoque
174 3081 336 3147 adobruta,
345 3102 454 3138 rursum
463 3098 565 3157 purga>
602 3083 753 3136 fortunatos
763 3084 871 3136 liberos.
882 3082 910 3136 Si
922 3084 982 3155 quir
996 3104 1026 3139 es
1039 3104 1112 3139 com-

58 3158 96 3213 vit
104 3163 212 3217 Daune.
222 3194 264 3207 --
273 3164 395 3217 Pontion.
407 3165 468 3219 Sive
481 3164 560 3217 Pom·
602 3162 735 3233 positione
753 3162 807 3214 frui
829 3174 855 3215 et
874 3162 989 3233 gaudere
1002 3164 1110 3231 debuit,

57 3240 139 3308 ptine:
155 3261 213 3315 qm
223 3241 364 3315 depalude
373 3242 489 3297 diximus
500 3244 559 3311 111,
600 3241 623 3295 is
636 3254 692 3295 erat
703 3260 751 3295 rex
763 3242 918 3303 Persarum,
938 3254 994 3296 turn
1006 3245 1041 3298 ob
1059 3246 1110 3299 im-

58 3336 82 3386 9·
96 3322 254 3377 Destinabst
270 3323 341 3377 banc
357 3324 457 3377 docere
471 3324 560 3376 Julius
600 3340 704 3374 mensas
716 3340 794 3391 opes.
810 3334 867 3374 tum
886 3322 922 3375 ob
938 3341 1027 3377 curam
1046 3344 1108 3396 gen-

58 3397 142 3467 Ccnr,
160 3404 214 3455 sub
232 3402 446 3473 temperandis,
464 3416 495 3456 ut
509 3421 558 3456 au·
600 3402 634 3454 tis
652 3401 681 3453 in
703 3401 788 3454 forma
807 3419 914 3471 regum,
936 3414 993 3455 tum
1011 3405 1046 3456 ob
1062 3424 1107 3458 co·

58 3481 558 3553 mersaminejurviarmnstc.
599 3481 671 3551 piam
685 3498 833 3550 magorum.
854 3480 891 3533 At
908 3498 989 3534 nemo
1013 3500 1106 3537 eorum

59 3568 105 3612 outa
122 3554 263 3634 qnondam
283 3580 299 3613 a
316 3561 426 3616 Comei.
438 3562 558 3633 Cethego
599 3560 666 3625 fuir,
679 3559 725 3631 qui
744 3578 801 3612 non
819 3559 967 3613 liberorum
980 3561 1045 3615 aiios
1061 3562 1107 3617 de·

58 3643 165 3706 mole,
173 3660 246 3694 nono
252 3642 334 3695 Urbis
343 3641 416 3709 δρᾶ,
427 3654 558 3695 utauctor
599 3640 712 3704 formes,
725 3639 790 3691 aiios
803 3640 950 3701 sceleratos.
965 3642 1029 3695 alios
1041 3642 1108 3696 infe-

60 3730 92 3769 αι
102 3720 195 3775 Livius
215 3722 245 3774 in
262 3721 336 3791 Epir.
353 3722 453 3774 xuvt.
471 3720 558 3773 Hodie
598 3720 663 3772 iioes
676 3718 808 3773 babuerit.
821 3720 898 3773 Nulla
910 3720 989 3790 igitur
1004 3731 1057 3775 tom
1068 3724 1107 3775 ei·

61 3794 140 3853 rum
164 3802 279 3854 Pontiae.
297 3800 396 3855 siccari
419 3800 557 3854 necdum
599 3799 708 3853 fluerem
733 3798 765 3853 iis
794 3798 1018 3869 compositionem
1045 3800 1109 3856 dare

61 3879 154 3941 tuitus
166 3894 295 3952 potuere,
309 3894 367 3933 turn
380 3892 491 3951 propter
502 3898 559 3933 sm·
601 3878 690 3949 potuit
706 3878 801 3948 magia.
819 3878 910 3932 Gnosi.

61 3954 224 4021 distineor,
257 3972 315 4013 turn
337 3972 450 4031 propter
475 3961 558 4013 inter-
644 3976 670 4027 9.
683 3957 734 4011 Suo
748 3958 799 4011 loro
806 3957 932 4027 probaturi
940 3978 1049 4024 esserum,
1059 3974 1109 4014 etc.

64 4032 158 4093 fluentes
173 4058 274 4093 amnes.
289 4039 380 4092 ilino.
604 4038 666 4092 bib.
672 4055 771 4109 nempe
779 4038 882 4101 XXIX,
896 4054 919 4090 c.
928 4037 956 4101 ⁵,
966 4039 1013 4091 ubi
1024 4038 1058 4093 de
1068 4059 1114 4093 au·

96 4135 119 4183 7.
132 4118 284 4172 &humane
297 4118 415 4172 redicem
425 4120 515 4171 Italia.
527 4119 560 4173 Ei
605 4119 727 4171 ctoritate
745 4136 776 4171 ac
796 4116 915 4187 potentia
933 4116 1113 4187 medicorum,

149 4222 230 4289 Vn.
948 4218 993 4303 m
