2925 5009
446 450 605 520 LIBER
628 452 750 521 XXV.

1050 448 1120 551 627

55 569 783 679 eminutus-²⁵.Vissomnifica²⁶1proviribus
798 582 993 653 bibentium.
1010 586 1123 655 Media

56 688 172 779 potio²⁷
194 688 311 781 cyathi
329 690 437 757 unius.
452 690 583 759 Bibitur
603 705 637 759 et
657 705 776 759 contra
794 704 979 783 serpentes,
999 706 1033 760 et
1046 706 1123 761 ante

55 795 209 862 sectiones
235 797 515 890 punctionesque,
538 822 581 865 ne
603 788 827 867 sentiantur²⁸.
863 797 919 865 Ob
949 796 1019 867 liaeo
1045 800 1123 867 satis

55 913 98 967 est
120 898 292 994 aliquibus
320 926 474 971 somnum
499 904 604 972 odore
631 905 828 998 quaesisset.
854 904 981 971 bibitur
1006 920 1039 973 et
1060 928 1122 1000 pro

54 993 229 1075 elleboro³⁰
244 1007 375 1077 duobus
394 1008 500 1077 obolis
518 1012 552 1077 in
572 1010 691 1079 mulso.
710 996 922 1081 Efficacius³¹
941 1009 1123 1079 elleborum

54 1110 91 1179 ad
113 1115 334 1199 vomitiones,
355 1130 390 1184 et
411 1116 454 1183 ud
472 1116 573 1185 bilem
592 1118 722 1211 nigrum
747 1115 996 1186 extrahendam.

54 1319 229 1389 ieppmss'peset
244 1325 287 1376 tesi
301 1324 444 1394 lcdrn'psse,
457 1344 562 1395 καρωτι-

55 1401 91 1451 si.
106 1400 200 1453 «tiata
225 1422 272 1454 seu
291 1403 376 1454 nimio
397 1400 498 1468 odore,
517 1424 564 1457 seu

55 1479 125 1530 etiem
147 1482 269 1550 largiore
296 1483 374 1545 cibo,
393 1502 487 1535 rocem
506 1484 565 1535 adi·

56 1572 139 1621 nunt,
161 1579 292 1631 soporem
310 1562 452 1614 atterunt.»
472 1562 563 1616 llssn.

57 1638 195 1707 -lgnorsss
205 1642 328 1705 incauti,
343 1642 391 1713 qui
406 1660 465 1713 qnae
478 1645 517 1697 vis
532 1646 566 1697 sit

57 1717 105 1787 ejus
115 1721 210 1786 pomi,
224 1723 355 1774 nesciunt.
373 1722 465 1775 llann.

94 1800 138 1850 25.
153 1800 226 1851 Potes
240 1802 333 1871 quidem
342 1802 448 1870 largiore
462 1806 568 1855 moriren-

61 1882 100 1927 tur.
113 1876 204 1932 Diosc.
220 1880 271 1932 loc.
286 1882 331 1933 cit.
343 1878 473 1934 sllsioudl
484 1882 567 1943 cedris

60 1952 130 2024 Ιξίγιι
143 1964 186 2010 τοῦ
201 1962 254 2029 ζῇν.
265 1962 356 2013 trino.

94 2042 139 2089 ati.
154 2040 203 2089 Vis
219 2040 349 2108 somufico.
370 2038 438 2092 Inde
455 2060 566 2111 prover·

61 2110 127 2167 bium
140 2116 267 2171 Luciauo
282 2122 330 2172 bui
344 2118 507 2191 percipe-pipp
522 2140 568 2173 κιι·

63 2190 155 2248 tutus.
184 2200 381 2251 Demosthenes
418 2200 571 2271 Philippica

64 2286 157 2342 quarta,
172 2280 229 2329 ἀλλ’
242 2282 303 2333 αὐτὸ
319 2280 474 2350 ἀνεγερθῆναι
488 2276 568 2334 duri·

67 2358 134 2419 pete,
147 2356 213 2409 ἀλλὰ
233 2357 408 2430 μανδραγόραν
420 2362 567 2425 neronior,

65 2432 111 2487 trs
130 2436 257 2506 cippum
280 2440 339 2490 sits
363 2446 471 2493 τοιιῡτιν
489 2441 569 2492 iciss-

67 2515 264 2578 peristerium.
283 2518 402 2589 erodig.
424 2518 566 2580 lib.VllI,

69 2608 118 2661 up.
136 2603 181 2657 ²6·
196 2600 265 2649 Du..
281 2630 321 2641 —
341 2600 395 2650 Vis.
413 2600 472 2650 linc
485 2598 568 2667 perti·

69 2684 118 2734 net,
129 2676 201 2744 qnod
214 2678 304 2729 rrarrit
318 2678 478 2740 Frontinus,
496 2677 569 2730 Stra·

70 2760 113 2819 teg.
123 2754 169 2807 ll:
191 2758 369 2809 Hannibalem
385 2758 487 2809 scilicet
506 2758 568 2809 mis·

71 2844 118 2882 turn
136 2854 150 2887 a
168 2836 434 2906 Carthaginiensibus
444 2836 569 2889 adsersus

71 2910 213 2967 rebellantes
226 2917 311 2976 Afros,
321 2936 406 2987 quum
419 2918 498 2969 sciret
508 2936 570 2984 geu·

74 2992 115 3041 [²¹¹¹
135 3012 188 3047 esse
213 2993 319 3048 asidam
343 2996 415 3059 riui,
442 3014 569 3066 straguuru

73 3068 231 3137 ejusrnodnrn
241 3073 415 3146 mandragora
423 3076 568 3139 miscuisse,

75 3151 137 3215 cujus
154 3156 226 3207 inter
244 3174 377 3206 venenum
398 3167 425 3207 et
444 3174 569 3225 soporem

74 3228 144 3283 nedia
167 3234 209 3286 sis
230 3248 277 3287 est.
301 3234 380 3286 Tunc
403 3236 495 3305 praelio
519 3234 570 3286 leri

74 3313 217 3377 commisso,
237 3332 270 3365 ex
293 3312 422 3367 industria
443 3315 570 3367 cessisse:

75 3390 524 3463 nuctedeimleintempestn,relictis
533 3394 572 3445 in·

75 3472 188 3525 mostra
198 3472 356 3544 quibusdam
366 3475 475 3526 sarcinis
483 3487 508 3525 et
518 3491 573 3525 orn·

75 3544 98 3597 ai
112 3549 169 3604 tino
187 3554 304 3615 inlecto,
322 3554 409 3623 sugam
424 3554 571 3606 simrdosse.

76 3622 203 3703 Quomque
212 3634 317 3684 barbari
330 3634 464 3703 occupatis
479 3633 571 3686 castris

607 1325 693 1378 cotica
715 1338 742 1378 et
766 1326 912 1395 soporifera
927 1322 1124 1379 medicamenta

607 1406 740 1457 recenseri
753 1406 835 1467 solet,
855 1402 927 1475 qnod
945 1404 1080 1473 colligitur
1093 1420 1124 1457 ex

608 1484 692 1537 odore
704 1487 807 1547 viroso,
823 1486 941 1554 ingrato,
954 1498 979 1537 et
994 1494 1072 1555 caput
1089 1482 1126 1537 le·

608 1565 703 1617 ciente.
719 1562 800 1629 Quod
815 1584 847 1617 an
868 1563 901 1615 de
921 1562 1009 1615 radice
1030 1580 1124 1615 verum

609 1646 658 1707 sit,
670 1646 696 1698 J.
710 1646 790 1696 Baius
802 1656 889 1695 tamen
902 1642 1017 1695 (inibitur.
1030 1644 1126 1695 Scliro-

609 1722 705 1789 decus,
721 1724 751 1777 P.
765 1724 933 1775 Hermannus
945 1722 999 1774 vim
1014 1722 1054 1774 illi
1067 1741 1126 1775 nar·

609 1806 738 1865 colicam,
749 1803 968 1872 stupelucierrtem
980 1842 987 1865 ,
999 1802 1055 1873 opii
1069 1820 1124 1854 non

610 1882 764 1935 dissimilem
788 1884 922 1935 tribuunt.
947 1882 1014 1933 Item
1045 1882 1124 1933 Lina.

610 1964 705 2015 Mater.
718 1961 791 2015 med.
803 1982 862 2033 png.
872 1962 919 2032 73,
929 1960 972 2013 ed.
984 1960 1123 2015 Schreber.

610 2044 714 2096 Geollr.
736 2044 830 2095 Mater.
852 2041 948 2093 medic.
972 2052 1039 2094 tom.
1067 2040 1124 2105 ΙΙΙ,

610 2140 641 2194 p.
658 2126 724 2175 812.
738 2124 792 2175 En.

654 2220 700 2271 ²7·
712 2202 795 2254 itti-dia
803 2202 880 2270 pretio.
891 2198 1029 2253 Moderata
1041 2216 1072 2251 ac
1082 2202 1125 2268 ju-

611 2294 658 2335 sta.
677 2282 721 2334 Sic
737 2282 857 2333 Dioscor.
877 2282 895 2331 l.
918 2300 941 2333 c.
958 2278 1028 2350 apud
1045 2296 1125 2349 quent

611 2372 637 2414 et
650 2374 790 2432 sequentes
805 2359 944 2412 medicinae
960 2370 1071 2411 exstant.
1088 2359 1123 2412 H.

652 2444 699 2495 28.
713 2440 813 2494 Bibitur
828 2450 851 2491 et
870 2452 954 2491 contro
970 2450 1087 2509 serpentes
1101 2450 1126 2489 et

611 2532 667 2571 ante
680 2534 795 2572 sectiones
806 2526 1004 2588 piscationesque,
1025 2538 1054 2569 ne
1073 2536 1126 2570 sett-

611 2604 711 2652 tioutur.
727 2598 905 2653 Scribeudurn
928 2610 995 2668 puto
1009 2602 1126 2663 ustiones,

612 2700 665 2731 non
678 2685 833 2748 prsnctioues,
847 2696 881 2731 ex
897 2677 1051 2731 Dioscoride
1066 2678 1085 2729 l.
1102 2696 1126 2730 c.

613 2786 624 2807 ι
636 2760 755 2821 Dantur,
771 2760 870 2829 inquit,
889 2778 919 2811 ex
932 2778 964 2809 eo
978 2758 1046 2809 terni
1064 2774 1126 2828 cyu-

612 2838 653 2891 tlri
665 2839 706 2890 liis
715 2839 761 2909 qui
770 2839 861 2901 secari,
874 2850 919 2889 nrrt
933 2838 974 2889 uri
988 2837 1097 2891 debent.
1112 2862 1122 2883 ν

612 2919 712 2971 Astruit
728 2916 799 2970 idern
812 2916 930 2987 Serapio.
948 2918 1026 2970 Pis-r.
1129 2906 1139 2917 .

655 2998 1030 3068 spodoresomuumquaesissc.
1039 2996 1126 3048 Etiam

612 3076 725 3149 pulvino
737 3078 852 3147 subjecta
863 3076 1045 3147 mandragoris
1060 3076 1126 3129 mult

613 3176 737 3210 somnum
753 3158 854 3221 moliri,
870 3156 991 3208 nonnulli
1005 3146 1131 3223 censent',

614 3248 678 3290 teste
691 3238 784 3299 Celso,
797 3237 852 3299 ΙΙΙ,
871 3236 1016 3289 intimo.

654 3316 810 3369 toltitiuu
824 3328 849 3367 et
867 3336 914 3385 pro
932 3315 1044 3367 elleboro.
1061 3314 1127 3367 Suc·

613 3414 661 3448 cus
674 3395 782 3448 duobus
793 3396 879 3447 obolis
891 3414 923 3447 ox
936 3396 1021 3447 mulso
1033 3407 1128 3463 potus,

617 3488 646 3528 ut
657 3489 791 3548 veratrum
802 3512 810 3537 ,
823 3474 973 3527 vomitione
989 3487 1070 3527 atram
1085 3474 1127 3526 bi·

615 3556 667 3607 lem
681 3555 863 3625 pituitamque
879 3552 968 3607 educit
989 3572 995 3606 :
1016 3554 1128 3622 largiore

614 3648 681 3705 potu
702 3636 838 3687 interficit.
857 3632 1025 3687 Diosc.Vide
1039 3634 1128 3686 Theo-

76 3701 229 3779 ingaudium
247 3712 326 3764 effusi
339 3712 499 3765 medicatum
514 3730 571 3765 ine·
596 3714 714 3797 xpbrast.
727 3714 797 3767 Hist.
814 3714 860 3767 lib.
870 3716 919 3778 IX,
936 3732 994 3784 cap.
1015 3732 1057 3767 ro.

76 3795 123 3840 tum
135 3790 213 3843 eride
226 3791 383 3855 hausissent,
391 3806 470 3864 atque
480 3794 506 3845 in
521 3790 569 3845 de·

76 3862 211 3924 functorum
230 3870 341 3923 modum
355 3873 427 3925 strati
437 3874 570 3944 jacerent,

656 3792 702 3847 31.
718 3794 853 3862 Efficacior
866 3794 994 3845 elleborum
1010 3794 1045 3845 ud
1054 3796 1129 3845 uomi-

616 3876 705 3938 tioues,
716 3887 741 3925 et
754 3874 799 3937 ad,
813 3888 864 3927 etc.
881 3874 971 3927 Diosc.
988 3874 1037 3939 lV,
1057 3874 1126 3927 150:

78 3958 195 4004 mersium
207 3950 309 4020 cepisse
318 3970 363 4003 eos
377 3972 408 4005 ac
417 3952 569 4006 trucidasse.
614 3956 733 4025 Kstcipu
744 3950 774 4008 di
787 3951 932 4025 tetptsoi,
941 3954 1006 4025 ἄγων
1018 3954 1128 4007 ποικίλα.

78 4020 152 4082 llssn.
169 4064 209 4074 -
225 4032 272 4082 Vis
284 4030 407 4102 somnifica
418 4052 465 4102 pro
481 4032 572 4085 uiribus

79 4102 196 4164 ittarta
216 4110 396 4183 Mandragora
418 4113 488 4165 inter
512 4122 572 4165 uer·

615 4034 770 4087 Elleborum
791 4054 873 4107 porro
890 4030 1035 4087 candidum
1052 4030 1130 4086 intel·
1182 4082 1185 4087 ,

616 4112 675 4184 lige.
694 4114 785 4168 liano.
