2925 5009
356 444 422 518 186
622 447 850 517 C.PLIN11
875 448 984 518 ttx't'.
1010 444 1141 513 HIST.

351 595 515 651 textatum
526 577 714 649 immolasse
733 578 775 648 ad
792 580 958 649 tibicinem
975 574 1086 649 foculo
1102 576 1219 670 posito.
1235 574 1373 671 Scripsit
1384 590 1413 645 et

350 688 439 783 Sylla
451 687 605 774 dictator,
616 686 659 755 ab
667 688 813 755 exercitu
824 712 858 756 se
867 710 1001 781 quoque
1012 684 1171 754 donatum
1186 680 1275 776 apud
1288 681 1411 768 Nolam,

351 795 494 891 legatum
518 793 606 863 bello
628 796 791 863 Marsico:
814 793 914 887 idque
939 794 1036 861 etiam
1059 791 1095 858 in
1114 786 1192 857 villa
1213 812 1274 858 sua
1291 792 1411 859 Tuscu·

350 900 443 984 lana,
462 927 536 997 quoe
563 901 626 970 fuit
644 915 759 995 postea
782 901 968 986 Ciceronis,
993 898 1106 993 pinxit.
1130 894 1230 984 Quod
1256 898 1285 965 si
1306 920 1411 964 renim

352 1022 418 1095 est,
430 1008 497 1077 hoc
510 1006 795 1077 exsecrabiliorem
810 1030 885 1075 eum
898 1004 1053 1087 dixerim,
1063 1002 1333 1098 quandoquidem
1347 1026 1411 1070 eam

351 1116 449 1210 capiti
457 1140 517 1185 suo
526 1115 766 1209 proscriptione
775 1136 834 1181 sua
843 1115 913 1207 ipse
926 1111 1087 1195 detraxit,
1099 1124 1193 1179 tanto
1205 1109 1412 1205 paucioribus

316 1233 331 1287 3
350 1224 471 1292 civium
487 1224 638 1302 servatis,
651 1242 750 1313 quam
767 1234 881 1313 postea
890 1218 1014 1287 occisis.
1031 1216 1140 1287 Addat
1150 1218 1333 1285 etiamnum
1343 1215 1412 1284 huic

350 1328 462 1424 gloriae
478 1326 658 1419 superbum
674 1350 861 1425 cognomen
880 1324 1039 1395 Felicem:
1058 1325 1128 1419 ipse
1146 1337 1260 1392 tamen
1280 1322 1412 1392 obsessis

349 1437 382 1503 in
399 1447 469 1500 toto
483 1431 565 1501 orbe
579 1434 793 1528 proscriptis,
807 1432 871 1503 hnc
884 1456 1007 1502 corona
1025 1432 1171 1501 Sertorio
1188 1433 1300 1499 cessit.
1317 1430 1411 1497 AEmi-

350 1524 496 1606 lianum⁵
512 1563 645 1633 quoquc
659 1541 846 1634 Scipionem
864 1542 974 1609 Varro
990 1552 1106 1608 auctor
1121 1549 1170 1606 est
1185 1535 1348 1605 duriatum
1362 1535 1412 1605 ob

349 1644 501 1714 sidionali
516 1647 550 1713 in
568 1646 697 1729 Africa,
714 1631 871 1716 ΜειηίΙίο6
886 1645 1036 1729 consule,
1055 1643 1251 1713 cohortibus
1270 1644 1414 1725 serratis,

349 1751 553 1847 totidemque
568 1753 609 1822 nd
624 1752 801 1823 servandos
815 1777 870 1823 eas
891 1752 1017 1821 eductis
1036 1776 1043 1819 τ
1061 1750 1151 1845 quod
1169 1764 1202 1821 et
1220 1763 1338 1820 statuae
1352 1748 1412 1843 ejus

348 1860 382 1927 iu
405 1858 478 1928 foro
492 1884 552 1928 suo
566 1861 674 1929 Divus
685 1862 852 1954 Augustus
865 1858 1087 1954 subscripsit⁷.
1105 1860 1219 1952 lpsum
1236 1858 1412 1951 Augustum

348 1967 395 2035 M.
414 1952 595 2035 Cicerone⁸
613 1965 682 2036 filio
697 1966 834 2036 consule
850 1966 958 2036 idibus
975 1964 1170 2059 septembris
1187 1978 1325 2033 senatus
1339 1964 1413 2032 obsi·

347 2072 470 2141 dionali
485 2072 631 2141 donavit.
650 2072 741 2142 Adeo
756 2075 860 2143 civica
877 2075 1033 2142 nonsatis
1049 2071 1234 2140 videbatur.
1255 2074 1328 2140 Nec
1341 2094 1413 2164 pra-

347 2192 438 2248 terea
454 2204 652 2274 quemquam
672 2180 737 2248 hac
757 2180 944 2249 invenimus
963 2178 1133 2248 donatum.

316 2302 327 2345 t
401 2288 478 2357 Vll.
496 2285 603 2357 Nullae
619 2312 700 2384 ergo
715 2287 828 2357 herbae
844 2286 936 2356 luere
954 2300 1052 2357 certae
1069 2286 1102 2353 in
1120 2284 1186 2353 hoc
1201 2282 1334 2354 honore
1346 2310 1353 2351 :
1364 2280 1410 2351 sed

388 2494 415 2547 5.
436 2493 607 2547 AEmilianarx.
622 2494 652 2545 P.
664 2493 747 2547 Corn.
758 2494 862 2566 Scipio·
906 2494 1060 2547 cohortibus
1074 2493 1247 2564 irrupissent.
1262 2508 1290 2549 et
1304 2496 1337 2548 ab
1348 2494 1412 2565 oppi-

346 2576 474 2645 nem‚qui
483 2572 517 2626 de
524 2574 615 2627 uxoria
622 2574 736 2627 AEmiliaa
742 2577 862 2641 nornine,
906 2573 984 2627 danis
997 2575 1113 2646 graviter
1126 2573 1296 2629 caederentur
1312 2594 1319 2627 :
1336 2594 1350 2627 a
1364 2574 1412 2627 δάν

346 2654 422 2714 Pauli
443 2654 544 2708 AEmilii
562 2654 637 2716 fitia,
657 2672 734 2707 more
751 2673 862 2708 romano
906 2656 988 2726 pione
1010 2654 1136 2706 Africano
1166 2656 1286 2727 expliciti
1317 2667 1408 2708 suot·

346 2734 434 2790 dictu·
461 2747 500 2788 est
526 2734 702 2797 AEmilianns3
736 2732 862 2805 idemque
908 2734 1046 2805 Appiuuue
1066 2735 1094 2786 in
1111 2734 1410 2806 bellopunico‚p.42,

348 2814 551 2883 Carthaginem,
574 2814 800 2886 Numantiamque
814 2813 863 2868 de·
906 2827 1035 2886 quatuor3
1061 2814 1184 2868 Aurelius
1211 2814 1288 2869 vict.
1315 2816 1358 2867 lib.
1383 2813 1411 2865 de

347 2895 421 2960 vicit,
432 2896 572 2948 Africanus
582 2912 704 2965 sequena,
716 2912 763 2947 eeu
773 2909 862 2966 poste·
907 2896 966 2947 Vir.
983 2894 1022 2947 ill.
1039 2912 1063 2947 o.
1080 2895 1132 2953 ⁵8,
1144 2906 1224 2947 octo:
1243 2922 1258 2944 ι
1271 2896 1411 2955 Tribunus,

347 2976 404 3029 aior
416 2974 573 3047 appellatus.
588 2972 678 3025 Haeo.
906 2976 934 3028 iu
951 2973 1058 3036 Africa,
1075 2974 1175 3045 iuquit,
1188 2976 1240 3027 sub
1257 2976 1297 3029 Μ.
1312 2974 1411 3028 Manilio

389 3059 416 3109 6.
443 3052 558 3108 Manilio.
583 3054 653 3107 Anu.
676 3053 712 3106 U.
741 3051 804 3107 605.
830 3054 862 3109 Iu
907 3053 1412 3126 imperatore,cohortesoctoobeidioae

348 3134 425 3187 libris
432 3134 546 3205 vulgaria
556 3152 564 3187 τ
573 3159 585 3182 ι
597 3134 699 3187 Manlio
707 3150 762 3187 cos.
777 3134 864 3186 tribas
907 3134 1014 3188 vallatae
1027 3133 1138 3187 consilio
1146 3146 1174 3187 et
1184 3134 1288 3189 virtute
1297 3134 1409 3189 servarit.

346 3214 503 3273 cohortibus
532 3214 650 3267 aeraatia.
682 3238 694 3261 υ
727 3213 863 3265 Manlium
907 3214 1035 3286 aquibus
1051 3231 1150 3267 cornua
1165 3214 1328 3268 obsidionali
1342 3228 1410 3268 aare·

348 3296 485 3368 Appianae
495 3305 586 3357 vocat,
596 3305 654 3347 toto
665 3293 737 3346 libro
745 3291 780 3345 de
789 3292 861 3346 bello
905 3293 1029 3348 donatus.
1040 3320 1053 3341 ι
1064 3293 1155 3347 Hane.

346 3376 447 3448 punico
459 3392 466 3427 :
478 3374 619 3427 Manilium
631 3372 745 3426 Pliniani
756 3371 863 3426 codices
932 3386 973 3445 '7.
995 3372 1149 3443 Subscripsit.
1160 3372 1246 3427 Grou.
1261 3386 1290 3428 et
1306 3374 1348 3429 ΔΙ.
1361 3382 1411 3425 aatu

348 3474 428 3509 mauu
439 3454 591 3508 exaratitiu
598 3452 697 3527 quibua
705 3470 755 3506 nec
765 3452 863 3507 cohon-
905 3452 987 3507 Hand.
1002 3454 1137 3523 adici-toste.
1151 3453 1203 3505 Eo.

347 3536 415 3595 tium
443 3552 571 3587 numerus
591 3534 710 3605 signatur
730 3550 738 3585 :
762 3530 861 3600 credo,
948 3536 975 3589 8.
996 3533 1034 3585 Μ.
1051 3534 1175 3587 Cicerone.
1190 3534 1224 3587 In
1237 3534 1315 3588 fastis
1327 3547 1410 3597 equu-

348 3613 423 3687 quod
435 3614 553 3667 incertos
564 3613 641 3666 foret
652 3613 719 3665 Nam
730 3611 822 3665 Livius
831 3613 859 3665 iu
907 3613 1021 3677 laribus,
1032 3632 1093 3666 auu.
1104 3613 1174 3665 Urb.
1187 3612 1256 3683 723,
1272 3612 1361 3667 conoul
1373 3628 1411 3665 ua·

348 3696 466 3767 epitome
480 3694 528 3747 lib.
545 3693 654 3755 xutx,
676 3690 744 3745 duae
763 3690 829 3746 dicit
851 3711 859 3744 a
906 3705 1037 3758 tatur,xx.
1044 3710 1102 3745 arn.
1110 3710 1244 3746 eamn.
1258 3712 1293 3748 rr.
1302 3708 1409 3747 mrum.

351 3772 521 3837 ‚Obsiderh
535 3772 639 3844 inquit,
656 3772 862 3845 oppugnarique
906 3790 939 3827 ι.
952 3792 977 3827 r.
995 3790 1028 3826 ir.
1045 3792 1073 3825 x.
1092 3790 1198 3826 murno.
1218 3770 1411 3828 lixam-Ae·

347 3865 435 3925 coepta
454 3866 495 3907 eat
513 3853 646 3924 Carthago
664 3870 678 3905 a
693 3852 725 3905 L.
744 3852 863 3919 Marcio,
904 3865 1001 3925 gutum
1014 3852 1053 3906 Μ.
1068 3851 1410 3920 Cic.fi1.eoxsnle.Gauu.et

348 3934 386 3987 Μ.
409 3933 511 3985 Manlio
523 3950 589 3985 coes
605 3933 636 3984 lu
650 3950 704 4004 qua
721 3950 862 4005 oppugna·
909 3934 955 3987 ΔΙ.
976 3958 988 3981 a
1009 3934 1156 4003 Augustum
1179 3950 1242 3986 cum
1258 3934 1299 3987 M.
1314 3932 1367 3986 Cie.
1378 3928 1409 3981 dl.

348 4014 421 4067 tione
430 4030 512 4085 quum
525 4012 660 4083 neglectos
672 4011 707 4065 ab
721 4032 773 4065 una
786 4026 862 4084 parte
906 4014 1059 4078 consulem,
1071 4038 1082 4061 ι
1104 4026 1130 4064 et
1150 4032 1212 4066 mox
1234 4011 1409 4085 reptata-s,

350 4112 441 4163 metros
468 4091 524 4160 duo
548 4092 648 4145 tribuni
673 4105 774 4145 temere
799 4110 860 4146 curu
906 4112 960 4146 non
975 4094 1120 4165 septembris,
1135 4093 1189 4145 En.
