2925 5009
464 456 615 523 ninus
653 456 789 525 xxvi.
1085 458 1158 561 ,757

69 586 197 656 -simile
227 586 427 669 coriandro,
458 584 567 656 radice
596 585 755 680 lignosa:
793 589 882 657 nasci
915 590 983 657 in¹³
1019 592 1161 663 arbustis

87 695 246 763 maxime.
266 694 328 762 Vis
345 692 415 785 ejus
436 677 607 787 spissare¹³
627 683 947 787 corporasuccus¹⁴
965 700 1158 793 sauguinem

85 798 260 869 enaribus
277 800 433 867 liuentem
448 798 594 867 inclusus
616 800 699 870 sistit
719 821 727 862 τ
746 802 824 871 item
850 800 973 870 alvum.
1007 804 1162 876 Medetur

85 891 340 999 dysentericis,¹⁵
360 908 394 974 in
408 907 487 974 vino
505 903 592 973 dulci
602 890 637 993 ¹⁶,
653 921 752 1003 potus
759 907 885 1002 cyathis
901 908 1161 982 tribusllrinam
1200 900 1207 913 ’

87 1016 183 1083 ciet:
209 1013 346 1098 tussim,
371 1011 604 1107 orthopnoeam
634 1028 729 1082 sanat
756 1032 764 1075 τ
789 1016 868 1083 item
897 1030 1010 1111 rupta,
1029 1032 1063 1086 et
1088 1044 1162 1113 quse

87 1134 242 1213 serpunt.
263 1118 431 1187 intestinis
454 1132 488 1187 et
504 1120 621 1189 vesicae
639 1118 716 1189 folia
738 1119 907 1190 bibuntur.
929 1124 1159 1195 Enterocelern

88 1226 236 1294 cohibet.
252 1222 421 1293 Faciuut'⁷
443 1238 477 1293 et
494 1223 592 1293 aliam
613 1225 789 1321 hippuriu,
810 1227 1015 1299 brevioribus
1030 1244 1064 1299 et
1076 1231 1160 1302 mol-

88 1330 230 1401 lioribus
253 1332 373 1417 cornis,
393 1330 718 1427 candidioribusque,
733 1356 891 1427 posquam
911 1335 1025 1404 utilem
1043 1338 1160 1407 ischia·

87 1438 190 1525 dicis,
221 1452 255 1507 et
271 1436 461 1506 vulneribus
479 1460 520 1505 ex
538 1452 632 1507 aceto
647 1441 851 1569 imgositam,
872 1456 1010 1536 propter
1025 1446 1161 1539 sangui-

88 1570 166 1614 nem
201 1542 392 1613 sistendum.
425 1546 469 1611 Et
497 1544 685 1639 nympbaen'
732 1546 810 1615 trita
842 1545 947 1642 plagis
966 1550 1195 1644 imponitum

88 1650 325 1720 Peucedanuur
345 1672 421 1718 curu
444 1652 567 1719 semine
586 1654 734 1746 cupressi
755 1651 890 1738 bibitur,
907 1655 934 1722 si
951 1657 1085 1751 sanguis
1100 1683 1161 1752 per

87 1810 197 1861 catione
212 1806 346 1861 nihildum
363 1806 555 1863 recentioribus
566 1826 604 1862 sa·
650 1808 692 1862 dis
701 1808 820 1862 minoris.
829 1808 920 1862 Haeo.
930 1843 970 1853 -
982 1811 1070 1864 Utilem
1077 1814 1162 1869 iselam

89 1888 123 1941 tie
132 1900 245 1941 constet
258 1886 310 1941 En.
648 1888 719 1948 dicis,
727 1902 753 1940 et
762 1889 902 1941 sumatur
914 1910 944 1941 es
956 1910 994 1943 ac.
1010 1894 1160 1961 impositam,

131 1986 177 2019 ra.
191 1969 222 2020 la
236 1968 347 2019 arbustis.
362 1967 445 2037 Apul.
463 1984 486 2021 u.
506 1986 603 2033 xxxix,
645 1980 748 2039 propter
764 1972 905 2039 sanguinem
920 1970 1058 2025 sistendum.
1078 1973 1162 2045 Equi.

89 2065 121 2100 ex
136 2046 198 2101 MS.
215 2046 261 2099 εἰη
271 2047 345 2099 silvis
358 2059 383 2099 et
400 2044 575 2100 arundinetis.
587 2072 598 2093 ι
645 2047 990 2119 setumvidelicetmegneri
997 2050 1162 2108 sdsrricroria

133 2126 233 2181 rasta
240 2130 289 2197 ejus
296 2130 406 2197 spissare.
418 2125 600 2196 Adstringens.
647 2126 790 2199 preditum
805 2146 862 2181 esse
877 2130 1081 2184 nocentioribus
1093 2151 1160 2203 quo·

89 2207 220 2263 Στυπτυιὴ
233 2202 289 2264 til
303 2206 364 2260 aris.
377 2205 529 2260 Dioscorid.
542 2206 604 2260 loco
647 2224 700 2279 que
708 2206 829 2273 videtum
840 2208 944 2261 bincad
952 2211 1086 2282 sauguinis
1094 2216 1161 2283 reje-

89 2288 181 2341 citato.
194 2284 301 2340 lirun„
647 2286 777 2352 ctionem,
799 2299 826 2340 et
841 2287 875 2341 ad
888 2289 1051 2359 profluvium
1068 2293 1171 2345 mulie·

134 2374 179 2431 14.
191 2365 281 2419 Succos
291 2367 505 2436 maguiaem,etc.
515 2363 602 2425 Diose,
647 2366 712 2431 bre,
734 2367 844 2419 mictum
860 2381 1017 2435 cruentum,
1039 2369 1161 2442 dysente-

90 2446 295 2500 l.c.etGelen.
312 2444 603 2516 deFec.sirnpl.rned.
646 2446 699 2499 ries
735 2459 897 2519 caeterosque
938 2450 1040 2502 ventris
1072 2452 1160 2506 lluxns

90 2526 145 2589 vl,
160 2545 188 2596 p.
204 2542 269 2593 179.
283 2523 374 2577 lisso.
534 2530 537 2540 '
647 2536 786 2577 strenuum
815 2538 842 2579 et
864 2544 1022 2597 generosum
1045 2530 1159 2586 babetur

134 2606 180 2659 15.
206 2604 321 2656 Medera»
349 2604 519 2677 dysentericis,
551 2616 603 2658 etc.
647 2603 807 2658 remedium.
847 2606 923 2659 Sistit
955 2609 1160 2682 haemorrhagies

92 2685 214 2738 Dioscor.
236 2684 254 2737 l.
268 2702 292 2737 o.
307 2700 362 2736 non
378 2681 407 2735 id
425 2681 505 2734 modo
517 2701 603 2735 reme·
647 2702 842 2756 quascumque3
854 2684 918 2738 item
930 2687 1159 2745 exbuloeruriones

91 2764 183 2829 dium,
205 2762 252 2816 sed
273 2775 298 2815 et
318 2776 414 2816 caetera
437 2778 497 2833 quae
511 2763 603 2814 subse·
648 2776 675 2817 et
690 2764 800 2817 vulnera
813 2782 925 2829 reourn,
936 2768 1045 2834 vesicas,
1057 2781 1159 2824 eton-

90 2856 212 2916 quuntur
225 2840 335 2895 totidem
353 2842 441 2895 verbis
459 2840 549 2893 refert.
561 2846 603 2893 An
646 2860 711 2896 nare
727 2841 834 2896 dicitur.
849 2842 912 2899 line
926 2844 961 2898 de
973 2847 1102 2918 Equiseto
1119 2868 1161 2903 er·

91 2944 123 2977 ex
137 2924 201 2977 vino
215 2934 303 2973 temen
318 2919 407 2985 dulci,
421 2938 455 2973 an
470 2937 503 2972 ex
517 2933 603 2973 auste-
646 2923 734 2986 vensi,
748 2922 913 2993 longioribus
928 2927 1004 2991 setis,
1025 2930 1057 2981 C.
1074 2930 1158 2983 llaub.

92 3024 123 3057 ro
145 3002 174 3056 id
194 3003 262 3055 sumi
283 3002 318 3055 sit
334 3002 430 3065 setius,
449 3018 504 3051 nou
526 2998 602 3053 dicit.
647 3002 966 3074 Pin.16,sequuiseto
978 3006 1075 3061 minori
1089 3010 1159 3062 Offi-

92 3083 176 3156 Apnl.
190 3082 218 3134 in
238 3080 313 3133 libris
325 3078 412 3145 editis,
429 3097 488 3149 cup.
501 3096 601 3143 xxxix,
647 3080 699 3135 cin.
713 3081 864 3135 Geoll'raeus
882 3096 981 3149 noster,
1001 3086 1068 3140 Met.
1085 3088 1156 3142 med.

92 3176 113 3217 t.
131 3181 142 3215 ι
161 3181 169 3214 a
184 3178 234 3213 -ea
249 3160 311 3215 rino
325 3158 425 3213 dulci..
440 3160 475 3212 At
485 3159 513 3211 in
524 3159 601 3212 MSS.
647 3172 711 3213 tom.
726 3161 777 3222 111,
788 3177 849 3231 pag.
860 3161 927 3217 335.
937 3164 1005 3217 Item
1020 3165 1158 3221 adhema-

94 3266 104 3288 ·
119 3260 152 3295 ex
166 3242 230 3293 sino
243 3251 357 3293 austero.
372 3265 383 3285 .
398 3238 490 3290 llsuu.
647 3240 761 3306 suriam,
773 3236 1159 3312 profluvie,ete.'commendut

136 3324 182 3373 16.
200 3319 286 3371 Dulci.
306 3318 399 3372 Malim
422 3336 454 3371 ex
473 3316 534 3372 cod.
548 3330 603 3373 vet.
647 3318 716 3373 banc
738 3321 848 3373 herbam
869 3322 950 3375 Lino.
969 3324 1064 3380 Mater.
1087 3326 1157 3381 med.

94 3406 118 3454 in
130 3404 191 3453 aino
204 3412 308 3453 austero.
320 3399 389 3451 Dus.
624 3457 628 3463 ,
647 3417 707 3471 pag.
726 3417 793 3471 271,
812 3399 855 3452 ed.
871 3402 1012 3457 Sebreber.
1027 3406 1159 3477 Hipparis

93 3478 603 3629 mst‘ittntluliiltt·
647 3479 1158 3631 {ttzrtznt⁰,¹:ttsttllt

595 3597 603 3624 ‚
1110 3586 1146 3620 ra

93 3642 143 3706 IV,
164 3646 213 3709 47,
228 3636 339 3691 totidem
358 3637 393 3690 ab
412 3638 459 3690 illo
473 3635 603 3691 delineata
647 3638 835 3709 Spreugelius,
848 3653 879 3694 nt
898 3639 1000 3696 dictum
1020 3657 1060 3697 est
1077 3663 1158 3717 supra

92 3720 196 3781 verbis,
209 3716 355 3789 iisdemque
367 3715 482 3770 dotibus.
495 3717 604 3789 Equise·
647 3736 705 3790 cap.
724 3736 767 3771 so.
783 3718 836 3773 En.

95 3811 153 3853 tum
167 3795 196 3850 id
208 3810 366 3850 estamrne
380 3795 549 3869 longioribus
564 3812 604 3849 se·
690 3800 736 3852 18.
762 3799 802 3851 Ee
823 3800 956 3871 nymphaea.
980 3801 1157 3875 Tbeopbmst.

94 3880 140 3943 tia,
152 3874 224 3950 quod
242 3876 269 3928 in
283 3876 364 3930 horto
378 3876 462 3947 Regio
475 3874 603 3940 vidimus,
647 3875 714 3930 flist.
729 3878 780 3943 IX,
800 3878 851 3931 13:
865 3873 933 3933 Εἶναι
945 3876 977 3934 di
990 3900 1063 3951 φασιν
1073 3886 1158 3953 legas·

95 3958 172 4030 quale
194 3958 294 4027 pictum
319 3974 335 4007 a
358 3956 471 4009 Lobelio
494 3966 547 4020 est,
573 3956 601 4008 iu
647 3976 703 4027 μον,
721 3956 764 4009 iio
785 3958 871 4027 τρίψας
891 3980 929 4020 sse
943 3960 985 4013 isi
1004 3962 1157 4035 τὴνπληγῆν

95 4038 173 4091 Obss.
186 4052 244 4107 pag.
254 4039 323 4102 416,
333 4034 484 4106 hippuridis
497 4036 604 4089 fontalis
648 4038 726 4107 ἐπιθῇ.
738 4054 742 4060 ’
754 4063 765 4085 ι
780 4038 857 4091 Trite
879 4052 905 4092 et
927 4040 1011 4110 plagae
1034 4042 1159 4113 impositu

95 4117 218 4170 nornine:
230 4133 245 4167 a
257 4114 395 4169 Dodonaeo
408 4115 426 4169 l.
442 4130 465 4169 c.
481 4114 604 4187 hippuri-
649 4116 804 4187 sanguinem
818 4116 910 4171 sistere
924 4119 1063 4174 traditum
1083 4122 1118 4179 H.
