2925 5009
323 410 393 507 ηε
602 413 641 480 c.
668 414 832 485 eumn
853 416 962 484 uav.
986 414 1113 483 mss.

320 566 439 611 aarum
453 542 598 613 scabiem
613 544 787 629 emendat,
803 546 1044 640 oculorumque
1061 543 1337 639 lacrymationes:
1352 566 1388 611 ex

321 650 401 719 vino
420 650 583 720 stomachi
604 649 875 722 dissolutionem:
894 678 934 723 er
960 676 1045 747 aqua
1072 650 1191 747 frigida
1209 664 1293 746 pota
1317 672 1388 718 san-

321 755 430 849 guinis
438 755 716 827 exscreationes¹¹.
730 760 822 829 Cinis
833 757 929 853 ejus¹²
943 760 986 829 ad
998 757 1146 853 collyria,
1157 756 1243 827 etad
1259 755 1389 826 hulcera

311 861 515 958 purganda,
539 876 572 932 et
594 864 816 959 paronychia,
834 879 868 935 ct
890 868 1056 961 pterygia,
1074 864 1248 960 probatur.
1279 864 1390 933 Uritur

323 971 357 1037 in
378 968 491 1055 fumo,
507 970 615 1039 donec
631 973 726 1065 panis
744 986 978 1067 percoquatur.
995 974 1153 1042 Massaris
1164 956 1187 997 ²³
1202 968 1360 1039 odoribus
1370 952 1390 997 ¹⁴

323 1090 453 1145 tantum
475 1077 648 1171 gignitur3
674 1080 853 1174 omniaque
879 1104 919 1148 ea
946 1079 1085 1148 aviditas
1103 1078 1251 1147 *humani
1278 1074 1391 1170 ingenii

322 1180 526 1265 nobilitavit,
549 1206 666 1277 rapere
679 1183 866 1254 festinando
874 1170 906 1254 ¹⁵,

292 1306 304 1341 1
377 1281 502 1377 v1.(1.)
518 1290 817 1360 Maturescentium
841 1304 952 1361 autem
969 1314 1044 1360 uvae
1066 1290 1333 1359 vehementiores
1349 1286 1391 1354 ui·

324 1420 411 1491 grae,
429 1394 570 1489 ideoque
589 1398 705 1465 vinum
725 1422 767 1466 ex
783 1398 835 1468 his
857 1399 967 1468 minus
984 1396 1173 1491 jucundum
1197 1422 1204 1463 :
1231 1396 1390 1465 suaviores

324 1500 430 1587 albae,
449 1504 646 1597 quoniame
667 1502 870 1573 translucido
894 1503 1021 1573 facilius
1043 1506 1207 1597 accipitur
1233 1524 1302 1571 aer.
1332 1500 1391 1567 Re-

326 1622 439 1678 centes
452 1608 679 1697 stomachum,
691 1625 725 1679 et
734 1612 885 1705 spiritum
897 1608 1014 1679 inflant
1024 1608 1047 1698 ¹,
1056 1609 1237 1703 alvumque
1249 1606 1389 1677 turbant:

326 1716 436 1809 itaque
455 1716 489 1783 iu
511 1714 595 1784 febri
609 1714 828 1806 damnantur,
846 1719 959 1812 utique
981 1716 1150 1811 largiores.
1174 1714 1388 1786 Gravedineiu

324 1821 412 1891 enim
438 1822 559 1916 capiti,
584 1822 806 1919 morbumque
826 1823 1045 1918 lethargicum
1075 1823 1211 1892 faciunt.
1236 1824 1390 1890 Innocen-

326 1925 459 2012 tiores²,
484 1952 558 2022 quae
575 1927 741 2023 decerptae
768 1928 824 1998 diu
852 1928 1069 2025 pependere:
1094 1953 1160 2023 qua
1185 1926 1389 1997 ventilatione

325 2035 425 2104 etiam
449 2032 546 2103 utiles
572 2034 658 2103 fiunt
681 2037 874 2122 stomacho,
895 2037 1066 2132 aegrisque.
1093 2037 1182 2107 Nam
1209 2050 1245 2105 et
1268 2033 1390 2125 refrige-

327 2124 426 2209 rant³
445 2139 572 2227 leviter,
593 2156 628 2211 et
648 2140 814 2211 fastidium
834 2142 1000 2213 auferunt.

296 2266 308 2302 ¹
386 2248 460 2316 vll.
485 2248 570 2337 Quae
591 2263 701 2317 autem
724 2250 759 2317 in
779 2250 860 2319 vino
880 2246 987 2318 dulci¹
1008 2247 1149 2317 conditae
1165 2246 1279 2334 luere,
1304 2254 1389 2339 caput

331 2368 469 2425 tentant.
488 2356 650 2425 Proxime
670 2370 747 2425 sunt
767 2353 946 2451 pensilibus
967 2353 999 2423 in
1020 2353 1114 2451 palea
1133 2352 1308 2437 servatoe²3
1325 2374 1389 2421 nam

373 2537 556 2610 insanguine
563 2544 745 2593 eumachum.
755 2541 842 2593 Dioac.
887 2542 993 2595 bertius
1006 2538 1070 2593 inde
1089 2541 1263 2611 agnoverim,
1281 2566 1292 2587 ι
1306 2552 1390 2593 nont·

330 2625 385 2677 loc.
400 2622 444 2674 cit.
458 2622 492 2675 Η.
501 2650 542 2663 -··
551 2621 746 2673 ammaum.
757 2619 843 2674 Gron.
887 2624 968 2675 chum
981 2620 1087 2692 spiritns
1096 2618 1254 2685 inflatione,
1265 2622 1391 2687 alvumque

332 2702 482 2757 etatum
494 2699 779 2753 Hardmcrcutiouem.
790 2702 843 2759 En.
888 2703 1004 2756 turbant.
1019 2726 1030 2748 ι
1055 2698 1204 2753 Dioscorid.
1221 2702 1258 2767 V,
1279 2701 1312 2754 3:
1334 2688 1389 2749 llll

375 2802 421 2838 ta.
440 2782 577 2850 Cuaejus.
588 2780 708 2834 Dioscor.
721 2782 740 2835 l.
752 2802 775 2837 c.
789 2782 824 2838 Η.
888 2784 1030 2854 πρόσφατος
1047 2784 1121 2833 πᾶσι
1135 2782 1289 2851 inruptiones
1303 2778 1390 2833 sulita

376 2862 674 2919 nummulorum
685 2861 765 2917 estda
777 2882 845 2917 mae-
889 2863 931 2915 sul
943 2863 1113 2933 lpmsuparui
1123 2861 1247 2931 ςόμαχον.
1263 2862 1349 2914 Haau.
1358 2884 1389 2897 ·-

262 3002 269 3014 ,
333 2946 386 2999 cari
401 2944 469 3007 ΧΠ,
487 2946 536 2996 61.
551 2943 642 2995 lituu.
890 2944 965 2995 hrot:
980 2953 1027 2995 «et
1041 2940 1150 3012 spiritus
1163 2939 1389 2995 inflationaalvun

378 3030 423 3088 aa.
444 3022 577 3085 Odoridue,
598 3035 651 3076 etc.
669 3022 734 3075 Eam
756 3036 845 3076 tamen
891 3022 1034 3075 turbant·
1052 3022 1086 3073 ln
1104 3018 1169 3075 edit.
1187 3023 1277 3092 princ.
1297 3021 1389 3090 spirim

334 3105 369 3160 ad
383 3102 503 3157 medico·
515 3115 619 3155 tantum
630 3104 766 3171 pertinere
781 3105 847 3157 scri·
892 3103 943 3173 trist.
956 3101 1025 3154 forte
1039 3120 1090 3173 pro
1102 3103 1242 3171 spirituum.
1253 3102 1305 3154 En.

334 3184 434 3239 bittit,
450 3183 518 3243 ΧΠ,
531 3200 590 3253 cap.
604 3184 650 3237 ²8.
663 3184 733 3237 Dat..
798 3246 805 3261 .
936 3200 960 3234 a.
973 3182 1158 3233 Innocentium.
1178 3181 1272 3235 Dione.
1286 3180 1305 3232 l.
1321 3195 1342 3228 c.
1356 3172 1390 3226 iit·

378 3262 677 3334 15.llaperefesta'nurid0.
691 3262 848 3334 Priusquam
893 3259 954 3315 dem
968 3260 1063 3315 verbis.
1077 3259 1169 3313 Hiun.

335 3346 385 3400 llos
406 3345 435 3397 in
448 3344 565 3397 fructum
581 3354 704 3395 transm.
723 3346 791 3396 Du..
805 3376 846 3387 -
936 3340 964 3393 3.
979 3341 1044 3393 Nam
1055 3355 1080 3391 et
1091 3340 1241 3409 refrigeraret
1254 3342 1339 3399 lecim,
1349 3345 1389 3387 stc

336 3426 405 3480 Nam
428 3424 552 3478 oenanthe
570 3420 681 3493 quidem
703 3422 847 3495 colligitur,
892 3422 978 3475 Dione.
992 3419 1011 3471 l.
1027 3438 1051 3474 c.
1066 3418 1157 3473 Iliun.

335 3522 423 3579 quum
444 3503 549 3557 floreta
580 3505 699 3573 itemque
726 3503 848 3558 massaria
932 3500 1024 3553 vtti.
1037 3502 1186 3571 Quoeautm
1201 3496 1410 3579 indulcatae*

336 3583 432 3659 quadiu
441 3584 532 3638 Alrloa
540 3582 586 3636 ut:
596 3582 771 3653 omphacium
783 3600 848 3636 vero
891 3579 961 3633 Plio.
974 3580 1049 3645 xlv,
1062 3580 1094 3631 3:
1114 3605 1125 3627 ι
1141 3579 1336 3633 Condanturet
1345 3590 1390 3626 nu·

337 3679 406 3719 etex
421 3664 515 3718 acerba
528 3662 583 3715 vite
592 3662 744 3726 conficitur,
764 3674 794 3716 nt
806 3661 847 3716 di·
893 3672 935 3713 sto
946 3660 1013 3725 uiae,
1021 3660 1266 3731 ipsaquevinosuo
1276 3652 1389 3711 inebriat·

337 3758 410 3799 otum
427 3757 467 3797 est
479 3744 535 3797 auia
549 3742 631 3806 locis,
644 3742 697 3795 hoc
708 3742 850 3808 eat,X11,
895 3753 948 3804 tur,
961 3754 1012 3793 etc.
1027 3767 1038 3787 ι
1052 3738 1210 3809 Dereliquis
1221 3756 1330 3793 uvarum
1338 3750 1389 3787 oua·

340 3830 377 3879 do
391 3842 432 3897 sq.
446 3824 535 3877 flauo.
895 3817 1043 3874 dandarum
1054 3809 1388 3873 modisdictumeatabunde

379 3906 429 3956 Vl.
446 3924 472 3957 1.
486 3904 599 3956 umus
615 3914 681 3954 sace
692 3904 851 3974 spiritantia·
895 3901 959 3966 XV,
978 3902 1021 3954 18.
1038 3898 1129 3953 Euan.

332 3985 411 4055 flant,
421 3995 471 4037 etc
485 3982 518 4035 In
531 3982 786 4055 ttss.1tegg.00tb.
799 3979 849 4035 Ch.
936 4000 961 4035 a.
977 3982 1008 4033 ln
1024 3981 1097 4050 palea
1114 3992 1225 4033 sumta.
1242 3976 1348 4033 Palealct
1356 3966 1387 4023 id·

340 4077 393 4118 etc,
414 4067 523 4134 spiritum
540 4064 664 4132 inflatiore
681 4064 786 4136 legitur.
805 4062 850 4115 Li·
895 4063 967 4116 circo
982 4078 1026 4115 eas
1038 4072 1115 4115 vocat
1124 4060 1223 4120 cuttu,
1234 4058 1387 4115 Aurelium
