2925 5009
449 457 605 526 LIBER
631 457 755 526 XXV.
1066 453 1138 526 625

55 589 281 682 tenerisque,
302 611 396 682 paene
418 587 628 658 cubitalibus.
646 591 770 658 Ferant
785 573 893 656 mala⁸
913 587 1136 658 avellanarum
1157 617 1172 649 ²

51 719 193 764 nucum
209 693 458 788 magnitudine,
477 709 511 762 et
527 696 560 762 in
572 697 611 764 iis
623 719 736 764 setnen
750 719 811 764 ceu
827 695 986 788 pirorum.
997 693 1138 766 Albusn⁹

52 801 123 870 hoc
146 800 208 869 alii
235 825 366 887 arsena,
393 799 447 869 alii
473 803 621 888 morion,
643 800 697 869 alii
718 799 984 895 hippophlomon
1004 817 1136 870 vocant.

54 910 173 1000 Hujus
186 905 270 976 solia
281 907 372 990 alba,
386 931 486 1000 quam
502 906 636 976 alterius
649 906 784 994 latiora,
798 921 836 975 ut
846 905 1001 1003 lapathi¹⁰
1015 910 1136 977 sativae.

53 1015 196 1082 cavent
218 1011 407 1083 effossuri'¹
427 1016 631 1083 contrarium
653 1027 807 1100 ventum,
828 1027 862 1082 et
882 1013 986 1082 tribus
1005 1013 1137 1084 circulis

51 1135 135 1188 ante
156 1118 274 1214 gladio
296 1121 602 1189 circumscribunt:
628 1135 744 1216 postea
764 1119 895 1189 fodiunt
914 1119 958 1188 ad
978 1145 1134 1190 occasum

54 1241 266 1320 spectantes.
282 1223 439 1296 Succus¹²
458 1225 546 1295 litet
564 1251 582 1294 e
603 1226 713 1314 malis,
732 1225 893 1308 eteocle,
910 1225 1020 1294 deciso
1036 1251 1137 1295 cacu-

53 1335 166 1418 mine,
185 1348 224 1401 et
242 1331 351 1402 radice
369 1333 500 1426 punctis
518 1349 649 1427 aperta,
675 1347 733 1402 aut
745 1332 882 1410 decocta
891 1318 915 1357 ‘³
934 1359 942 1400 ι
961 1333 1050 1402 utilis
1064 1333 1136 1402 haec

54 1439 110 1508 rel
125 1427 313 1510 surculo¹⁴.
330 1440 474 1508 Concisa
490 1465 623 1534 quoque
650 1441 682 1509 in
707 1424 905 1508 orbiculos¹⁵
933 1455 1084 1510 servatur
1102 1441 1137 1508 in
1155 1461 1172 1513 3

56 1655 112 1688 son
123 1636 323 1696 scabinatus,
338 1635 384 1690 sed
393 1637 493 1707 glaber.
505 1638 580 1692 Nihil
625 1639 662 1693 cit
677 1653 705 1692 et
725 1656 866 1699 somnum,
879 1639 1042 1692 nominatur.
1057 1639 1138 1692 Unde

56 1714 90 1768 de
117 1716 237 1769 hirsutis
262 1717 484 1786 Theophrastus,
513 1719 580 1771 nihil
625 1718 830 1790 mandragoram
852 1717 951 1770 bibisse
969 1716 1096 1772 dicuntur
1117 1719 1138 1772 ii

57 1795 248 1849 Dioscorides.
260 1796 339 1860 Quod
353 1795 387 1849 de
399 1797 475 1849 caule
486 1797 581 1850 scribit
625 1799 673 1870 qui
685 1810 748 1851 sunt
758 1797 871 1850 nimium
883 1794 996 1855 desides,
1012 1818 1042 1851 sc
1055 1799 1137 1854 veluti

58 1875 170 1940 Noster,
189 1873 223 1928 id
248 1893 281 1928 ex
300 1876 488 1947 Theophrasto
510 1891 581 1930 tran·
625 1897 702 1932 sensu
719 1876 847 1930 destituti.
860 1875 985 1930 Julianus
999 1878 1137 1942 Carsania

57 1955 185 2026 scripsit;
197 1955 275 2026 qnod
290 1955 325 2008 de
341 1954 449 2010 hirsutis
459 1995 466 2017 ,
477 1958 582 2010 erDio-
625 1957 711 2028 Epist.
726 1955 761 2010 sd
774 1957 943 2010 Callixenum
955 1975 962 2009 :
972 1960 1010 2009 Oh
1023 1962 1136 2028 passivas

59 2035 176 2088 sooridis
191 2036 284 2087 serbis
294 2037 362 2089 male
375 2037 524 2089 intellectis.
538 2037 582 2088 Li·
625 2039 699 2091 notha
713 2039 779 2090 πάνυ
791 2034 964 2108 μανδραγόραν
977 2039 1136 2100 incensatis.

58 2115 153 2168 bertus
165 2113 363 2186 legitflpspaidn
373 2117 415 2169 καὶ
426 2118 504 2186 βαρέα
515 2115 581 2170 κατὰ
623 2118 748 2188 Denique
767 2119 935 2186 incipimus,
958 2118 1032 2188 quasi
1054 2119 1139 2190 majus

61 2195 103 2251 νὴ
118 2198 220 2266 ὀσμὴν,
237 2194 339 2248 Plinius
356 2215 406 2265 pro
426 2197 523 2266 βαρέα,
541 2198 581 2249 in·
624 2198 783 2250 verbascum
799 2197 836 2248 oh
850 2197 975 2248 loliorum
987 2196 1139 2250 similitudi·

60 2275 162 2329 tellesit
174 2271 278 2336 dacia,
289 2287 316 2328 et
328 2273 363 2328 ad
374 2277 488 2340 caulem,
499 2295 579 2347 quem
623 2295 685 2330 nem
705 2276 861 2346 appellatur.
879 2277 909 2328 ln
930 2273 1024 2328 Indico
1038 2289 1135 2329 neutro

60 2371 113 2406 non
128 2356 233 2415 habet,
249 2355 396 2424 incogitsns
417 2355 516 2409 retulit.
536 2357 578 2409 cf.
623 2375 719 2426 genere
731 2360 853 2406 moriones
863 2357 1046 2426 hippophlomon
1059 2357 1135 2410 MSS.

60 2433 129 2486 aad.
142 2455 157 2488 a
172 2434 276 2504 Stapel.
287 2447 353 2488 nott.
364 2435 391 2486 in
401 2435 578 2506 Theophrast.
623 2455 716 2495 omues
730 2455 786 2505 prae
796 2453 823 2488 se
838 2435 936 2488 lerunt.
949 2433 1045 2489 Hinc.

62 2531 120 2583 pag.
140 2517 214 2577 584.
234 2515 269 2566 Et
285 2515 331 2566 ille
352 2515 579 2585 Theophrastesrn
666 2517 750 2570 soll!
762 2516 859 2584 lapathi
874 2519 966 2568 sallon.
980 2517 1050 2569 Cum
1064 2515 1137 2568 loliis

62 2595 198 2662 speciem,
212 2593 347 2663 probabili
360 2594 423 2647 satis
438 2612 578 2664 argumcn·
623 2595 691 2648 betas
707 2596 811 2648 confert
823 2596 912 2648 Diosc.
927 2596 944 2647 l.
957 2613 981 2648 c.
995 2593 1087 2646 Hasu·

65 2683 105 2734 to.
118 2673 155 2726 ad
168 2674 341 2726 helladonnan
355 2673 451 2738 refert,
464 2693 580 2745 quaeno·
666 2694 709 2728 ιι.
723 2675 783 2728 Coo.
795 2676 908 2741 effossuri
916 2679 1063 2727 contrariam
1077 2695 1138 2727 osa·

64 2751 104 2804 his
121 2751 222 2806 eodem
235 2754 346 2806 nornine
361 2767 399 2806 est
411 2754 508 2824 Ati-apa
524 2755 580 2808 Bel·
623 2755 826 2825 tumTheophr.
839 2754 908 2807 Hist.
920 2754 971 2819 lx,
983 2775 1011 2825 9,
1022 2753 1137 2808 totidem

65 2831 269 2896 “macrob
278 2834 419 2898 herbaceo,
430 2833 579 2898 brachiato‚
624 2834 720 2886 verbis.
733 2831 823 2886 liano.

65 2923 114 2964 etc.
137 2914 221 2966 bacca
242 2913 334 2982 nigra,
351 2926 487 2966 venenata.
498 2913 581 2966 Hahi·
667 2933 711 2966 rs.
723 2913 821 2965 Succos.
836 2913 925 2966 Diosc.
940 2913 993 2966 loc.
1006 2914 1052 2967 cit.
1069 2913 1104 2965 Η.

67 3003 101 3044 tat
127 2992 155 3045 in
181 2993 306 3062 Angliae,
332 2993 496 3055 Germaniae,
525 2993 581 3045 Au·
667 2994 712 3046 13.
728 2993 782 3046 Aut
795 2993 902 3044 demota.
918 2995 987 3046 Sunt
1005 2993 1077 3046 euim
1091 2993 1138 3064 qui

66 3071 147 3136 suine,
163 3073 250 3125 Italic
266 3072 401 3125 montibus
417 3071 580 3125 silvosisCl.
623 3073 726 3126 radices
746 3073 774 3124 in
800 3073 863 3124 vino
888 3070 922 3125 ad
944 3073 1034 3126 tertias
1056 3071 1138 3126 deon·

68 3148 100 3204 tle
109 3151 291 3223 Mandragora
303 3155 414 3205 Excurs.
425 3153 454 3204 ll
468 3150 502 3204 ad
513 3153 579 3205 calc.
622 3166 720 3225 quant,
738 3153 942 3223 excolatonrque
948 3155 992 3224 jus
1002 3165 1138 3206 amassent

67 3229 146 3300 liujus
157 3233 232 3284 libri.
247 3233 299 3285 En.
623 3234 650 3285 in
666 3251 727 3284 usus
741 3233 835 3284 varios.
853 3232 943 3284 Diosc.
957 3233 976 3286 l.
990 3251 1014 3285 c.
1030 3233 1123 3286 lisan.

106 3315 133 3371 8.
149 3313 246 3364 Ferunt
261 3311 326 3363 mala
338 3311 517 3374 avellanarum,
528 3323 578 3364 etc.
668 3319 710 3374 tl.
726 3313 800 3364 Utilis
810 3313 862 3363 hoec
873 3313 916 3362 nel
923 3312 1079 3364 surculo.Vel
1089 3329 1139 3384 per

70 3391 189 3445 Dioscor.
204 3391 256 3444 loc.
276 3391 323 3444 cit.
337 3390 426 3444 Hiran.
440 3423 479 3434 —
491 3391 579 3444 Diosc.
623 3411 651 3445 se
667 3392 740 3444 solus
756 3389 853 3444 radicis
867 3392 989 3444 surculus
1008 3393 1139 3445 arefactus

69 3469 158 3532 alitent
165 3478 236 3540 μῆλα
243 3472 305 3531 &aas
318 3474 419 3541 ίμριρῆ,
433 3497 445 3518 u
455 3470 582 3524 inslafert
623 3469 741 3542 prodest.
753 3473 841 3524 Diosc.
860 3471 880 3522 Ι.
898 3472 944 3523 cit.
964 3473 1015 3525 Kal
1034 3473 1138 3540 ὁρλοιδς

70 3550 152 3604 sorbis
172 3551 289 3617 similia3
304 3577 315 3598 ι
333 3550 383 3602 nisi
406 3551 458 3603 hoc
483 3551 582 3603 Noster
623 3547 653 3604 dl
670 3556 712 3612 τῆς
729 3552 795 3622 pilu<
810 3546 1138 3621 nepiatpslslaxaldiahtn·

70 3630 214 3701 scripserit,
229 3629 304 3702 quod
320 3631 446 3684 avellanas
462 3641 489 3682 et
504 3631 581 3684 sorba
623 3630 1137 3702 laiatlsp,spspirssamicitiam-Quin

70 3726 124 3762 non
143 3711 259 3763 multum
279 3709 328 3764 sihi
351 3709 464 3764 invicem
483 3709 583 3780 anagui-
624 3724 650 3764 et
663 3709 798 3765 detractus
813 3708 896 3764 radici
915 3723 1024 3774 cos-tex,
1038 3709 1138 3782 filoque

72 3787 161 3842 tudine
175 3789 282 3843 cedant.
299 3791 351 3842 En.
624 3792 765 3862 trajectus,
785 3789 820 3843 ad
837 3809 914 3843 usum
929 3788 1108 3860 suspenditur.
1123 3817 1134 3838 ι

110 3887 137 3936 9.
153 3870 254 3922 Albam.
269 3870 389 3923 nisset.
402 3888 425 3922 c.
440 3863 711 3940 rotaith-15.
728 3871 832 3923 Concisa
850 3889 942 3942 atroque
962 3875 987 3921 in
1002 3869 1138 3934 orbiculos,

72 3947 135 4014 ’ρινρς
146 3951 301 4013 attinnt,
317 3953 341 4001 hs
356 3949 509 4020 lstaapsiptaa
524 3951 582 4003 lah·
614 3964 672 4004 etc.
705 3950 807 4003 Plinius
830 3949 901 4022 apud
937 3948 1139 4012 Dioscoridens,

74 4033 162 4090 tasas,
174 4042 225 4082 etc.
241 4021 338 4099 ipsas,
350 4030 405 4082 sive
419 4031 502 4100 ἄρρην,
517 4031 579 4101 quia
624 4031 679 4083 sire
700 4033 856 4093 Crateram,
879 4029 957 4101 legit,
979 4031 1022 4082 καὶ
1045 4026 1137 4090 temate

78 4123 144 4172 ιω
155 4109 243 4180 μώρως
253 4109 328 4179 ,quia
343 4109 487 4162 fatuitatem
502 4109 579 4164 indu»
626 4111 690 4181 hisp,
704 4122 810 4175 non‚ut
824 4111 850 4162 in
865 4108 1063 4181 exemplaribus
1072 4110 1138 4162 Dio·
