2925 5009
366 443 435 529 384
639 449 676 517 C,
704 448 868 521 PLINII
894 449 999 521 NAT.
1028 452 1162 522 HIST.

364 580 489 649 Fractis
504 600 637 675 quoque
648 583 673 611 ²⁰
693 580 881 673 utilissima,
897 599 929 653 et
951 585 1086 655 auribus
1099 582 1306 681 purulentis²¹
1321 614 1330 654 ε
1347 590 1418 659 item

366 689 400 754 iu
426 687 556 780 pruritu
583 689 786 781 genitalium.
814 682 912 760 Pinea
945 692 1060 787 capitis
1090 692 1274 763 vulneribus
1301 696 1418 789 optime

365 792 526 862 medetur.

331 937 343 971 ι
417 902 548 969 Xlllll.
571 893 667 993 (vu.)
684 904 742 971 Pir
760 927 892 998 quoque
915 903 1003 973 unde
1024 918 1057 973 et
1075 904 1195 999 quibus
1207 906 1417 976 conficeretur

363 1005 488 1092 modis,
504 1005 741 1078 indicavimus¹
760 1034 768 1077 :
784 1024 818 1078 et
835 1010 904 1103 ejus
920 1010 988 1080 duo
1000 1034 1140 1106 genera,
1160 1014 1313 1106 spissum,
1329 1013 1413 1108 liqui-

361 1112 516 1206 dumque.
536 1114 720 1208 Spissarum
738 1114 909 1185 utilissima
929 1116 1100 1187 medicinae
1116 1120 1246 1202 Brutia,
1268 1123 1414 1213 quoniam

361 1219 574 1313 pinguissima
598 1234 633 1288 et
654 1223 892 1291 resinosissima
909 1238 1065 1319 utrasque
1083 1223 1230 1319 praebet²
1248 1225 1411 1297 utilitates:

359 1324 404 1394 ob
419 1324 453 1394 id
468 1329 573 1420 magis
592 1312 718 1414 rutila³,
734 1352 834 1423 quam
855 1343 990 1400 caterae.
1025 1331 1065 1401 ld
1084 1332 1171 1400 enirn
1188 1332 1276 1426 quod
1304 1334 1338 1401 in
1359 1334 1413 1401 hor

357 1431 532 1525 adjiciunt,
549 1456 568 1501 e
585 1433 731 1502 mascula
748 1435 867 1504 arbore
887 1434 1054 1506 meliorem
1072 1462 1162 1521 esse,
1185 1461 1251 1508 non
1281 1440 1411 1508 arbitror

359 1563 456 1633 posse
469 1527 636 1633 intelligi⁴.
652 1541 737 1609 Picis
751 1527 888 1610 natura⁵
903 1542 1090 1628 excalfacit,
1107 1542 1219 1639 explet
1227 1530 1248 1613 ⁶.
1270 1546 1411 1615 Adversa

359 1646 432 1713 tur⁷
448 1647 611 1775 Jirivatim
632 1661 767 1716 cerastae
788 1648 952 1717 morsibus
975 1674 1050 1719 cum
1073 1650 1235 1746 polenta:
1257 1652 1335 1721 item
1359 1678 1408 1720 au-

357 1753 441 1845 ginae
478 1778 554 1821 cum
573 1751 687 1839 melle,
712 1752 980 1824 distillationibus
999 1770 1032 1824 et
1052 1762 1322 1853 sternutamentis
1335 1783 1353 1826 a
1366 1760 1405 1853 pi·

355 1856 466 1928 tuita⁹.
490 1857 668 1928 Auribus¹⁰
688 1859 875 1929 infunditur
893 1886 969 1930 eum
995 1887 1133 1933 rosaceo
1157 1890 1164 1931 :
1190 1862 1326 1933 illinitur
1344 1888 1407 1933 eum

352 1989 441 2035 cera.
453 1967 555 2035 Sauat
572 1964 764 2054 lichenas¹¹‚
773 1965 884 2035 alvum
900 1966 1016 2055 solvit,
1029 1968 1300 2040 exscreationes¹²
1314 1985 1405 2065 pecto

352 2205 400 2254 91,
415 2182 449 2237 de
461 2184 555 2257 quavis
567 2184 672 2247 resina,
686 2196 714 2235 et
725 2201 750 2237 c.
766 2202 813 2252 90,
831 2183 866 2237 de
910 2196 998 2239 tamen
1010 2198 1083 2239 uota
1093 2185 1239 2241 discrimen
1249 2188 1403 2259 altomagno

348 2253 549 2318 lentiscinaabr
566 2283 593 2316 τι
606 2264 864 2335 ἀνακώλήσιιτριχῶν
910 2282 1004 2331 unere,
1029 2265 1102 2320 haud
1130 2268 1250 2337 proclive
1275 2281 1320 2321 est.
1343 2266 1372 2319 ll.

350 2346 449 2415 ἁρμόζει
462 2352 509 2411 τῶν
530 2346 554 2397 lv
569 2343 705 2413 βλοφᾶριις.
726 2370 737 2391 ι
758 2342 802 2397 Ad
819 2363 864 2415 ag·
951 2346 977 2398 5.
991 2346 1171 2400 Pisistratum.
1190 2348 1280 2401 Diosc.
1296 2350 1401 2417 1,97,nt

349 2423 518 2496 glutinandor
524 2424 714 2495 palpebrarum
724 2423 792 2494 pilos
803 2442 865 2477 con·
909 2424 1003 2479 Galen.
1016 2424 1050 2478 de
1065 2426 1125 2480 Fae.
1143 2426 1236 2499 simpl.
1255 2426 1320 2481 med.
1334 2424 1401 2486 Vffl,

237 2539 241 2543 Α
348 2505 432 2558 fert.»
444 2505 535 2557 lirun.
848 2560 850 2566 ,
903 2523 934 2576 ρ.
950 2522 1012 2557 rao.
1026 2501 1118 2559 Hruu.

391 2604 437 2639 ao.
452 2584 549 2635 Fracto
561 2603 661 2655 quoque.
680 2582 797 2635 Auribus
810 2584 861 2636 sei·
948 2587 974 2637 6.
996 2584 1095 2655 Explee.
1122 2585 1220 2657 Rrplet
1238 2585 1348 2639 bulorra.
1364 2582 1399 2638 bi·

348 2664 419 2718 licet.
435 2662 528 2715 lituu.
905 2683 977 2735 ναμιν
990 2659 1021 2716 di
1031 2666 1081 2732 1221
1092 2668 1252 2735 alaparum·
1263 2668 1341 2727 uxor,
1349 2662 1398 2714 Dio

388 2762 436 2798 ar.
460 2742 606 2795 Puruleatir.
633 2742 721 2795 Diose.
745 2743 775 2809 1,
799 2760 858 2811 91:
904 2762 972 2797 scor.
986 2744 1003 2796 l.
1019 2760 1043 2796 e.
1057 2741 1151 2797 lirun.

346 2826 411 2894 Πρός
433 2844 461 2877 τι
479 2822 512 2875 τὰ
532 2822 722 2893 ἰχωρορῥοοῦντα
740 2817 796 2874 ὦτα
816 2824 858 2876 σὺν
945 2842 972 2895 7.
1000 2823 1158 2877 Adurratur.
1181 2824 1274 2879 Diosc.
1298 2826 1324 2889 1,
1342 2828 1395 2891 94:

346 2906 426 2975 μῖλιτι
441 2904 484 2957 καὶ
504 2902 591 2971 ἐλαίῳ,
611 2901 653 2954 καὶ
676 2905 735 2973 πρὸς
751 2905 857 2973 κνησμὸν
903 2900 1272 2975 nptctpwovbtrpamtv
1286 2900 1395 2957 uetita<

347 2979 449 3037 alduino.
467 2983 558 3035 lirun.
902 2984 1142 3055 κςταπλασσομίνη.
1153 3006 1166 3027 ι
1178 2984 1260 3038 Valet
1274 2982 1305 3036 ed
1313 2996 1395 3051 runn-

386 3065 489 3117 XXIII.
501 3081 525 3116 ι.
535 3060 704 3114 Indicavimus.
711 3060 771 3113 Lib.
781 3062 858 3125 XIV,
903 3062 969 3115 tium
981 3080 1086 3115 morsus
1098 3078 1162 3117 oum
1172 3064 1241 3119 trito
1254 3056 1392 3118 salerdbibi·

345 3164 403 3218 cap.
423 3143 468 3198 ²5.
485 3139 579 3195 Hrau.
901 3154 937 3194 ta.
956 3168 968 3189 ι
983 3140 1075 3195 Hran.

388 3244 414 3299 3.
438 3223 557 3293 verasque
572 3219 666 3291 prabet
682 3220 807 3273 utilitates.
821 3220 856 3273 Et
943 3223 970 3276 8.
984 3222 1044 3273 lum
1055 3223 1167 3292 amira,
1181 3234 1237 3277 etc.
1246 3217 1388 3276 Pliquer·

345 3305 426 3378 picis,
438 3316 465 3355 et
478 3301 580 3355 resino.
601 3298 692 3353 Diose.
711 3301 739 3365 1,
759 3317 806 3371 97,
825 3298 859 3353 de
902 3300 951 3353 lib.
962 3302 976 3353 1
987 3340 995 3369 ,
1006 3320 1065 3372 rap.
1080 3302 1127 3355 52.
1139 3301 1237 3356 lirun.

345 3385 406 3457 pice
427 3382 532 3444 Brutia,
556 3376 602 3433 dila
622 3381 715 3449 φύσεων
739 3382 857 3451 ἐχομένη,
943 3400 968 3449 9.
984 3381 1011 3432 A
1022 3384 1121 3451 pituita.
1137 3380 1181 3433 sic
1192 3394 1223 3436 et
1236 3377 1390 3435 Chimo*

344 3466 437 3526 πίσσης
455 3464 510 3534 ἅμα
524 3461 566 3514 καὶ
582 3460 688 3534 ῥητίνης.
710 3457 798 3509 Huau.
903 3460 987 3524 tantu,
1007 3476 1105 3530 nempe
1126 3460 1254 3527 ruribus,
1279 3460 1350 3513 Grou.
1370 3462 1389 3503 tl

387 3546 416 3597 3.
438 3543 481 3596 Ob
495 3542 523 3595 id
536 3544 613 3612 magis
627 3540 710 3593 rutila.
727 3540 762 3591 Et
775 3537 809 3592 ud
830 3538 857 3591 id
902 3538 948 3592 Al.
963 3550 1026 3593 ante
1040 3538 1122 3592 Hard.
1140 3538 1193 3592 En.

344 3625 424 3678 rutila
440 3623 522 3694 magis
544 3617 755 3687 rcoomurodata,
775 3637 856 3689 quarn
947 3636 987 3672 ro.
996 3618 1113 3671 Auribus.
1122 3618 1250 3673 Adaures
1259 3615 1387 3690 puratum

345 3718 455 3757 oaeterae.
476 3698 627 3753 Dioscorid.
649 3701 681 3763 1,
708 3716 756 3767 97.
779 3697 812 3751 Η.
901 3716 1078 3752 cumroeuoeo
1086 3699 1187 3771 pariter
1196 3694 1385 3753 Diorerdbibet

386 3792 412 3848 4.
437 3782 495 3836 Non
522 3779 628 3831 arbitror
648 3797 719 3849 posse
744 3778 855 3847 intelligi.
900 3779 1055 3833 bellurn.

344 3862 493 3930 Quoniam,
512 3860 560 3912 etsi
577 3860 605 3911 in
623 3857 765 3911 resinileris
777 3858 856 3911 arbo·
944 3876 988 3912 rr.
1003 3858 1084 3911 Sonat
1096 3858 1219 3923 lichenas,
1229 3869 1277 3910 etc.
1290 3852 1383 3905 maor·

343 3945 433 4005 ribus,
452 3940 561 4012 ipsaque
575 3937 648 3995 teda,
663 3935 735 3990 unde
747 3938 793 4007 pix
811 3956 854 3991 co·
899 3950 925 3991 et
938 3938 1032 3991 Galen.
1047 3939 1076 3991 ll.
1091 3956 1130 3991 re.
1149 3936 1243 3990 Hruu.

343 4024 445 4097 quitur,
457 4037 514 4071 mas
527 4032 553 4072 et
562 4019 663 4073 femina
673 4030 853 4082 aeoernantur,
943 4037 986 4071 ra.
1002 4019 1196 4071 neemiam.
1208 4017 1292 4069 Dieuc·
1306 4012 1329 4073 l·
1339 4012 1380 4075 96²

275 4128 277 4131 ·
343 4117 372 4159 ut
392 4098 493 4153 dictum
517 4112 555 4151 est
571 4099 650 4163 XVI,
669 4115 718 4166 19,
745 4100 771 4151 iu
793 4097 852 4171 pice
898 4098 1069 4169 Δυσανάγωγα
1087 4104 1135 4149 τῶν
1158 4098 1183 4149 ts
1207 4096 1291 4167 tripart
1308 4092 1381 4159 irriti
