2925 5009
443 474 599 543 LIBER
624 476 769 543 xxvt.
1066 500 1134 573 7⁰7

45 608 168 677 tiones
186 601 301 676 suiuus
315 622 430 677 movet
451 635 458 676 :
477 608 535 677 sed
550 609 693 677 tormina
711 620 744 677 et
767 594 971 677 inflationes⁶
990 608 1133 681 discutit.

45 714 215 782 Sumitur
230 726 265 782 et
278 711 453 808 ecligmate
469 714 512 783 ud
530 716 673 809 pectoris
690 716 771 783 vitiu
792 736 868 783 cum
888 713 1001 799 melle,
1019 730 1052 784 et
1073 716 1134 786 ali·
1173 772 1178 783 .

47 818 197 913 quaudo
221 818 312 889 iride.
333 820 454 889 Alvum
474 820 602 906 solvit⁷‚
623 846 644 890 a
662 836 807 916 quatuor
828 820 996 890 drachmis
1015 822 1057 889 nd
1079 848 1133 891 sex

47 950 136 994 eum
163 924 276 995 mellis
292 929 413 1022 exiguo
429 926 571 1022 salisque
587 943 621 996 et
644 929 739 997 aceti.
761 928 906 1017 Quidam
926 914 1041 995 aliter⁸
1061 930 1135 1023 epi-

49 1030 222 1126 thymum
251 1032 389 1102 tradunt
410 1036 482 1102 sine
506 1034 617 1104 radice
643 1037 754 1119 nasei,
781 1048 898 1121 tenue,
925 1031 1135 1103 similitudine

48 1136 189 1232 pallioli
197 1136 225 1225 ⁹,
244 1139 368 1208 rubens
385 1166 393 1207 τ
415 1142 531 1209 siccari
553 1141 741 1229 inumbra,
767 1138 836 1209 bibi
857 1165 897 1208 ex
916 1162 1001 1235 aqua
1025 1154 1134 1209 aceta-

50 1242 128 1313 buli
146 1258 249 1338 parte
265 1244 418 1331 dimidia,
431 1246 606 1317 detrahere
626 1248 778 1341 pituitam
792 1244 999 1341 bilemque¹⁰.
1016 1245 1135 1316 Alvum

50 1348 182 1420 leniter
197 1348 329 1419 solvit¹¹
343 1366 378 1420 et
394 1353 571 1447 nymphaea
586 1355 621 1422 in
637 1355 717 1422 vino
736 1368 878 1422 austero.

109 1458 286 1528 XXXVI.
304 1457 410 1529 Solvit
428 1472 462 1527 et
477 1458 741 1553 pycnocomon¹,
759 1482 866 1529 erurae
889 1456 974 1527 foliis
995 1460 1133 1527 crassio·
1159 1485 1168 1517 ι

98 1656 129 1703 6.
149 1650 297 1722 lustrationes
308 1650 415 1703 discutit.
432 1650 582 1705 Dioscorid.
626 1652 673 1705 dix
687 1654 793 1724 penitus
807 1652 952 1706 marcescit.
969 1652 996 1705 si
1009 1670 1099 1706 semen
1109 1655 1136 1705 io

55 1732 111 1783 lor.
129 1730 179 1783 cit.
194 1720 270 1791 ἰδίως
285 1731 388 1801 ἁρμόζον
404 1733 446 1784 ἐπὶ
462 1740 585 1803 patruo·
626 1732 819 1797 neotiserssur,
829 1733 940 1802 emergit
947 1730 1056 1803 quidem
1063 1732 1139 1803 plan·

55 1816 136 1863 tna
153 1809 201 1863 set
218 1812 481 1881 lprseupermpltos.
493 1810 583 1865 Han.
627 1813 696 1874 tuh,
709 1810 758 1865 sed
768 1812 843 1866 brevi
857 1810 984 1865 radicitus
994 1812 1137 1883 perit,nisi

100 1908 132 1961 7.
151 1890 248 1942 Alm
271 1890 351 1943 solvit.
370 1891 455 1943 Marc.
479 1892 582 1964 Empir.
627 1892 724 1946 sintin
744 1894 899 1963 propinquo
911 1892 1024 1963 stirpes,
1039 1892 1137 1961 quibus

59 1986 138 2033 m,
151 1988 182 2039 p.
197 1976 263 2032 ard.
279 1969 370 2024 lisso.
626 1972 742 2043 irrepat,
756 1970 829 2025 unde
840 1972 995 2024 alimentum
1007 1988 1083 2025 suum
1096 1988 1139 2023 ex·

101 2051 135 2103 8.
159 2047 272 2119 Quadam
290 2050 370 2103 aliter.
392 2049 476 2115 Quod
501 2068 584 2121 genus
627 2053 704 2123 sugit.
719 2053 772 2103 En.

62 2128 136 2181 illud
152 2128 290 2199 epithymi
311 2131 360 2194 sit,
375 2130 583 2200 incompertum.
668 2150 695 2200 9.
709 2131 872 2183 Simils'tudius
887 2130 991 2199 pallioli.
1008 2126 1065 2181 Hoc
1082 2140 1137 2190 est,

62 2208 98 2262 ll.
114 2238 160 2251 --
179 2208 243 2259 Non
257 2207 331 2261 aliud
343 2210 397 2262 hoe
410 2209 471 2262 loco
486 2227 584 2279 genus,
627 2210 728 2281 pileoli.
752 2209 833 2263 Ouid.
856 2208 1025 2263 «Palliolum
1047 2207 1137 2262 nitidis

62 2286 218 2341 sedveram
226 2286 390 2359 aliquantum
400 2306 431 2342 ac
441 2290 582 2359 genuinam
626 2290 785 2362 imposuisse
798 2290 890 2343 comis.
912 2316 923 2337 ι
939 2290 1030 2341 Huni).

63 2367 339 2438 epithymiuaturam
347 2368 444 2421 Noster
452 2368 583 2440 indigitat.
670 2388 712 2423 ιο.
734 2370 866 2421 Detrahere
881 2371 995 2449 pituitam
1013 2368 1135 2440 bs'lemque.

63 2448 183 2519 Quippe
195 2464 276 2499 nemo
286 2466 342 2501 uon
356 2448 433 2501 norit
447 2461 584 2502 cuseutaur
627 2449 742 2502 Cuseuta
754 2460 781 2501 et
796 2450 969 2520 Epithymum
981 2446 1061 2501 offic.
1074 2464 1139 2519 pur·

65 2528 172 2597 plantis
188 2525 372 2580 adherentem
395 2526 500 2594 virere,
525 2529 584 2581 sine
627 2528 707 2599 gaudi
721 2526 853 2581 rimadeo
867 2528 983 2582 debilem
1001 2528 1137 2591 obtinent,

67 2608 126 2659 allo
146 2604 271 2659 radicum
287 2606 467 2673 adminiculo,
487 2608 586 2680 quibus
628 2619 771 2661 uteorum
793 2626 853 2660 usus
871 2608 949 2679 plene
971 2606 1138 2659 obsoleverit.

67 2696 171 2739 terram
181 2685 330 2756 contingat.
342 2686 585 2741 lladieibustameu
628 2686 758 2740 Nonnulli
785 2688 853 2741 iuter
870 2687 1063 2740 medicamenta
1079 2702 1138 2757 qum

68 2766 168 2819 nititur
180 2766 253 2829 suis,
266 2784 350 2837 quum
364 2766 484 2837 primurn
496 2785 585 2820 erum·
627 2778 760 2820 vocantur
781 2770 926 2837 operientia,
948 2767 1044 2819 rectius
1061 2784 1140 2835 repo-

69 2847 140 2917 pite
148 2844 266 2908 semine,
276 2858 307 2897 ut
320 2846 450 2899 Fuchsius
463 2846 586 2899 observa·
628 2858 708 2911 nunt,
721 2858 748 2899 et
761 2845 795 2899 ad
805 2846 934 2900 viscerum
942 2846 1138 2899 obstructiones

70 2926 130 2989 rit3
157 2924 214 2976 illas
230 2942 295 2977 vero
321 2925 403 2978 aridas
429 2926 498 2978 fiunt
524 2944 585 2997 per·
629 2924 825 2979 commendant.
847 2926 926 2981 cont.
949 2926 1052 2979 Geolfr.
1073 2924 1138 2978 Mat.

72 3016 209 3076 euntque,
233 3005 281 3057 ubi
305 3005 405 3059 vicinas
420 3006 524 3077 plantas
541 3024 586 3059 ca·
629 3005 700 3059 med.
710 3017 778 3060 tom.
790 3006 841 3071 Ill,
855 3024 882 3077 p.
899 3004 967 3071 3885
979 3005 1058 3057 Linn.
1072 3006 1138 3057 Mat.

72 3076 238 3154 pilhmeutis
264 3084 373 3139 comes
403 3086 457 3139 suis
478 3096 586 3139 cuscuta
629 3082 701 3138 med.
715 3102 744 3157 p.
759 3084 806 3153 59,
820 3084 862 3139 ed.
875 3084 1013 3138 Schreber.
1027 3084 1079 3136 En.

73 3164 252 3236 amplexatur.
263 3163 346 3216 Foliis
359 3166 430 3217 enim
445 3166 527 3235 plane
538 3164 587 3218 de·
654 3172 722 3218 *ιιι
737 3166 826 3218 Alvum
847 3166 932 3217 leuiter
949 3165 1028 3217 soluit.
1050 3162 1138 3215 Diosc.

73 3244 187 3309 stituta,
203 3260 260 3295 nou
279 3243 352 3296 aliud
362 3245 466 3315 profert
479 3245 530 3298 uisi
544 3263 587 3299 ca·
630 3244 687 3306 Ill,
706 3246 771 3308 tdfl.
786 3247 821 3299 H.
836 3274 875 3286 -
887 3244 974 3298 Solvit.
986 3246 1073 3296 Immo
1091 3260 1140 3313 po·
1242 3289 1248 3301 ,

74 3323 252 3393 pillauaeuta‚
267 3336 313 3377 aut
332 3324 417 3378 cirros
438 3324 587 3379 subrubeu-
630 3323 684 3378 tius
696 3325 802 3379 mtiuet.
817 3324 919 3379 Plinius
931 3324 1097 3397 negligenter
1111 3320 1138 3374 id

76 3414 131 3469 tes,
141 3402 253 3456 cithares
261 3403 351 3476 uenis
359 3402 432 3457 haud
440 3404 588 3469 absimiles,
630 3402 732 3475 prodit.
747 3406 816 3458 Dus.

76 3482 124 3553 qui
135 3482 285 3535 tuberculis
295 3482 455 3556 quibusdam
467 3481 588 3537 radicum
671 3484 800 3537 XXXVI.
814 3502 839 3538 r.
851 3480 930 3537 Solvit
939 3494 963 3535 et
968 3498 1138 3555 pycnocomon.

77 3562 165 3615 vicem
177 3562 361 3616 obtinentibus
378 3564 414 3616 ita
429 3564 549 3635 figuntur
558 3564 588 3615 iu
631 3563 753 3617 Dioscor.
766 3564 816 3631 tV,
830 3566 895 3635 176,
910 3563 1004 3616 iisdem
1018 3562 1073 3615 lere
1083 3580 1142 3613 rer·

78 3642 207 3695 eorum
233 3653 390 3696 ceterarum
418 3644 589 3714 plantarum,
631 3644 674 3697 bis
687 3655 856 3715 representat
875 3644 1050 3712 :ssusss'sspcs
1065 3643 1142 3710 φὺλλα

78 3716 112 3773 ut'
119 3737 182 3775 rasa
195 3713 347 3789 (mrem
357 3721 369 3786 )
381 3742 491 3777 succum
502 3723 590 3776 nutri·
633 3723 683 3791 Ιχιι
705 3722 779 3794 litote
798 3724 914 3794 εὐζώμῳ,
935 3736 986 3775 ete.
1006 3719 1143 3774 Herbariis

81 3801 148 3853 tiutn
160 3800 309 3855 deserentia
319 3803 434 3856 lacerent
446 3820 454 3856 τ
468 3820 522 3876 quo
532 3803 590 3874 pla·
632 3802 720 3857 adhuc
742 3804 882 3873 incognita.
901 3804 936 3855 H.
959 3832 999 3842 —
1018 3800 1142 3871 chrroco·

80 3898 116 3933 ue
126 3879 210 3934 modo
225 3881 313 3935 lacere
330 3882 417 3936 solent
430 3882 516 3936 edere
531 3882 590 3935 rul-
633 3902 695 3936 nun.
710 3882 870 3936 Brunsfelsio
883 3895 920 3935 est
932 3881 1057 3952 Angelius
1068 3880 1143 3933 silve·

83 3959 151 4028 gama
169 3960 246 4013 raud.
269 3964 386 4016 Cuscuta
404 3980 419 4015 e
439 3964 542 4017 semine
560 3963 589 4015 in
633 3964 692 4017 stris
704 3964 803 4027 minor,
818 3963 873 4017 sive
891 3962 1011 4015 erratica.
1027 3960 1143 4015 Cortuso

83 4052 178 4093 terram
187 4040 304 4095 deciduo
314 4060 370 4095 sese
378 4044 589 4115 quotannispro·
635 4042 764 4096 Solarium
789 4044 944 4095 tuberosum
967 4042 1144 4102 esculentum

84 4134 160 4189 rugat
171 4144 178 4174 s
191 4139 275 4191 quum
286 4136 375 4176 tamen
381 4113 538 4186 adoleverit,
548 4142 591 4176 ra·
634 4122 706 4194 quod
722 4140 772 4176 nee
783 4141 888 4179 verram.
903 4142 951 4175 ner
965 4140 1030 4175 vero
1051 4121 1144 4175 simile.
