2925 5009
462 404 615 473 uranu
647 404 817 473 xxvrr.
1101 402 1170 499 817

102 534 347 609 discutiendis¹¹
375 536 686 632 concoquendisque
715 536 903 606 adhibetur.
931 539 1051 609 Semen
1078 560 1170 606 com·

102 644 341 713 manducatum
364 644 559 714 vomitiones
580 644 667 713 facit

158 752 254 819 XIV.
271 748 477 843 Anonymos¹
493 775 561 819 non
573 751 771 821 inveniendo
787 774 908 821 nomeu
920 750 1054 819 invenit.
1068 748 1172 819 After·
1192 780 1203 813 ι

103 873 161 926 tur
183 882 203 925 c
221 855 376 950 Scythia,
396 854 561 927 celebrata
585 860 734 943 Hicesio,
751 884 819 927 nou
840 881 952 951 parvae
967 858 1172 926 auctoritatis

101 962 261 1033 medico:
284 964 363 1031 item
380 964 595 1059 Aristogitoni
618 990 626 1032 :
655 966 688 1035 in
709 962 901 1035 vulneribus
923 962 1101 1058 praeclara,
1131 988 1173 1032 ex

103 1093 193 1165 aqua
207 1084 280 1139 tusa
299 1083 332 1138 et
345 1070 516 1164 imposita:
535 1084 613 1164 pota
631 1095 727 1158 vero,
743 1071 896 1140 mammis
915 1069 1171 1164 praecordiisque

102 1177 270 1271 percussis
301 1201 308 1243 :
335 1177 412 1243 item
440 1178 634 1271 sanguinem
663 1176 920 1248 exscreantibus.
949 1178 1112 1245 Putuvere
1139 1191 1174 1245 et

101 1281 284 1353 bibendam
301 1280 490 1351 vulneratis.
509 1281 673 1353 Fabulosa
687 1284 842 1367 arbitror,
860 1308 933 1377 quse
948 1282 1149 1376 adjiciuntur
1166 1308 1174 1348 :

102 1403 240 1457 recente
252 1413 306 1475 ea,
322 1390 348 1457 si
367 1402 493 1473 uratur,
508 1389 632 1459 serrum
647 1405 706 1459 aut
727 1416 772 1461 aes
790 1391 1001 1461 ferruminati
1009 1387 1029 1455 ².

158 1497 235 1565 XV.
249 1486 314 1583 (v.)
329 1492 511 1589 Aparinen'
532 1495 631 1590 aliqui
646 1496 956 1592 omphacocurpou,
974 1494 1028 1563 alii
1044 1494 1172 1590 philon·
1194 1524 1205 1557 ι

103 1602 254 1696 tbropon
280 1616 418 1686 vocant,
443 1625 629 1688 ramosam,
653 1604 836 1690 hirsutam,
854 1604 962 1698 quinis
977 1604 1118 1671 ‘senisve
1141 1604 1173 1669 iu

103 1710 224 1779 orbem
241 1710 331 1778 circa
346 1731 456 1777 ramos
475 1708 560 1779 soliis
576 1734 636 1803 per
644 1708 828 1780 intervalla.
843 1712 962 1779 Serneu
977 1708 1174 1792 rotundum,

104 1812 270 1899 durum²,
300 1838 500 1901 concavum,
528 1813 697 1887 subdulce.
725 1819 866 1887 Nacitur
893 1818 926 1883 in
959 1814 1175 1883 frumentario

103 1947 208 2018 agro,
226 1935 284 1991 aut
309 1921 414 1990 hortis
436 1923 599 2017 pratisve,
627 1909 822 2018 asperitate³
841 1925 939 1992 etiam
961 1924 1102 1991 vestium
1122 1936 1173 1989 te·

105 2131 222 2185 scribere
236 2128 387 2183 debuisset:
403 2148 465 2183 uam
482 2148 515 2185 ex
528 2132 616 2187 Plinio
661 2143 689 2184 et
705 2131 807 2202 Bugula
826 2130 906 2185 offic.
924 2132 1001 2184 nobis
1014 2145 1076 2185 suut
1089 2136 1175 2203 Ajuga

105 2211 198 2283 potius
214 2208 398 2262 Dioscoridem
421 2209 616 2264 emendandum
658 2212 828 2283 pyramidalr's‚
838 2213 1021 2281 etAJugaIva,
1035 2210 1176 2281 dequibus

106 2288 278 2343 Dioscorides
288 2290 345 2361 ipse
358 2286 553 2363 admonet,qui
564 2310 618 2344 me·
659 2294 714 2361 jam
729 2292 792 2346 slias
805 2289 918 2345 dictum.
934 2292 986 2345 En.

106 2368 259 2423 dicernents
276 2369 396 2439 priorum
415 2368 544 2425 librorum
564 2372 617 2424 alio
704 2390 727 2423 s.
743 2372 919 2423 Ferrumiuarr'.
937 2370 1004 2425 Inde
1023 2374 1174 2442 conjectura

106 2449 203 2503 ordine
216 2450 325 2503 inlibris
334 2448 474 2517 Εὐπορῖςων
484 2464 617 2515 retexens,
662 2453 785 2517 sumitur,
802 2451 938 2523 symphyti
956 2452 1011 2505 sire
1033 2452 1175 2505 consolida

106 2530 155 2583 ubi
171 2528 205 2581 ds
222 2530 321 2583 morbis
331 2529 424 2599 capitis
439 2529 507 2599 agit,
522 2550 617 2601 snagy-
662 2550 745 2601 genus
758 2550 830 2597 esse,
845 2531 970 2585 causanda.
986 2532 1053 2583 Dar..

106 2610 145 2663 ris
157 2610 318 2663 mentionem
334 2608 435 2663 nullam
452 2609 514 2663 facit
530 2629 536 2664 :
554 2612 617 2675 ubi,
701 2612 932 2682 XV.1.Aparr'nen.
941 2610 1039 2664 Eadem
1047 2629 1175 2681 asperugo

107 2688 142 2743 de
161 2689 326 2761 phalangiis,
340 2688 519 2761 principatum
532 2690 618 2743 eidem
662 2688 761 2744 dicitur
770 2704 795 2744 et
809 2692 991 2761 φιλάνθρωπος,
1005 2689 1039 2744 de
1054 2710 1106 2762 qua
1119 2695 1174 2762 egi·

107 2768 235 2823 adscribit
253 2770 298 2833 ll,
317 2788 368 2823 121
391 2786 397 2819 :
415 2758 488 2832 ἰδίως
505 2766 535 2823 di
559 2772 617 2841 πρὸς
663 2790 721 2825 mus
736 2770 837 2828 XXIV,
851 2776 915 2825 116.
930 2772 1018 2823 Diosc.
1032 2772 1084 2835 111,
1102 2779 1172 2835 104:

108 2850 251 2921 φαλάγγια,
273 2850 385 2921 dveplpcu
404 2854 428 2907 4
447 2844 487 2903 d'.
508 2852 554 2903 Est
576 2870 619 2903 nu·
663 2842 792 2921 rlsrupirn,
807 2853 828 2903 οἱ
845 2846 876 2904 di
890 2851 1088 2921 ἀμπιλόκαρπον.
1106 2853 1127 2903 οἱ
1143 2849 1173 2903 di

108 2942 161 2983 tem
183 2932 291 3001 didyupor
314 2928 407 2984 eadem
428 2932 618 3003 quoec'rsrigupur
663 2932 827 3001 φιλάνθρωπον
851 2936 979 2993 καλοῦσιν,
1002 2943 1052 2984 etc.
1079 2931 1173 2983 Galen.
1206 2932 1209 2939 '

107 3008 181 3081 apud
197 3008 362 3063 Nicandrum
377 3013 404 3064 in
418 3012 573 3077 Theriacis3
590 3024 621 3063 ut
662 3029 772 3083 quoque
793 3008 827 3063 de
845 3010 905 3065 Fac.
925 3010 1013 3082 simpl.
1036 3009 1173 3071 medvl,

108 3090 231 3142 observat
242 3090 463 3145 Constantinusin
473 3090 618 3144 [sericati.
664 3110 723 3162 png.
743 3090 797 3143 153
816 3112 822 3141 r
838 3082 982 3162 dnupisu...
992 3092 1013 3143 οἱ
1024 3086 1054 3143 di
1067 3093 1175 3161 dppcnsa'-

153 3187 197 3223 Η.
217 3170 298 3221 nadis
319 3171 485 3237 discutiendis,
505 3182 555 3223 etc.
577 3168 619 3223 Ad
663 3191 765 3243 respuas.
780 3171 824 3224 sic
839 3169 917 3224 etiam
933 3171 1130 3241 AEgineta,Vl,
1148 3170 1175 3222 3.

109 3250 222 3302 verbum
234 3250 324 3304 Diosc.
339 3252 355 3303 Ι.
370 3271 396 3305 c.
409 3250 499 3303 Hann.
664 3252 756 3303 Hunn.
769 3281 809 3292 —
822 3250 921 3304 Goliam
932 3254 1032 3321 aparine
1042 3242 1174 3319 (Tetrand.

149 3330 623 3405 XIV.1.Anonymor.Qureeonomi-
666 3350 794 3403 monogyu.
819 3349 879 3401 geu.
906 3338 959 3395 adr
977 3332 1049 3384 Pers.
1073 3332 1175 3385 Rudiae.

108 3428 143 3463 ne
154 3408 283 3463 censenda
294 3410 378 3463 herba
391 3412 440 3473 sit,
451 3410 540 3465 adbuc
552 3410 622 3463 inter
666 3410 735 3463 Jues.
748 3404 769 3476 l.
789 3411 822 3462 In
835 3411 952 3481 Europa
966 3411 1045 3463 cultis
1057 3424 1083 3465 et
1096 3410 1176 3465 rude·

109 3490 248 3543 herbarios
270 3490 301 3541 lis
321 3504 368 3543 est.
388 3492 443 3545 Nos
460 3493 531 3543 inter
546 3509 623 3561 pere·
667 3491 741 3553 rutis,
754 3489 787 3544 sd
796 3508 872 3559 sepes
882 3510 937 3542 non
945 3489 1114 3561 infrequens3
1126 3510 1177 3544 uo·

108 3570 198 3643 grimus
208 3568 339 3623 ducimus.
354 3572 624 3645 H.-Anortyrnusnon
669 3571 728 3623 stris
740 3570 839 3641 vulgo,
859 3582 993 3639 gratteron.
1004 3572 1057 3623 Eu.

109 3655 186 3703 insen.
209 3649 325 3714 Quidam
346 3669 400 3703 esse
425 3651 518 3705 volunt
537 3650 624 3721 bugu·
711 3670 737 3703 a.
751 3652 835 3703 Semen
852 3650 992 3716 rotunditas,
1006 3650 1107 3716 duriam,
1126 3665 1177 3705 etc.

110 3732 162 3783 lam
186 3729 370 3793 officinarum,
392 3731 435 3783 alii
458 3730 622 3785 consolidnm
670 3732 758 3783 Diosc.
770 3731 788 3783 l.
805 3748 828 3783 c.
842 3730 935 3784 Haeo.

112 3808 237 3863 medium.
254 3810 373 3882 Utraque
390 3830 451 3865 sane
464 3811 553 3882 planta
566 3812 624 3863 vul·
710 3810 737 3863 3.
762 3811 910 3880 Asperirate.
942 3810 1015 3863 Folia
1044 3810 1178 3880 asperiora

111 3890 220 3943 neribus
239 3888 362 3943 sanandis
384 3890 563 3945 ellicucissima
578 3903 623 3944 est.
670 3892 787 3944 vestibus
809 3888 1009 3965 adhaerescupt:
1026 3892 1178 3960 Προσίχιται

112 3968 197 4040 Hujus
210 3970 309 4023 mentio
330 3970 360 4023 fir
378 3990 455 4042 supra
475 3971 521 4025 lib.
537 3972 627 4038 XXV,
669 3966 698 4024 dl
716 3970 757 4025 καὶ
772 3971 901 4041 ἱματίοιςὴ
916 3973 980 4035 πόα,
993 3968 1077 4041 iuquit
1090 3970 1180 4021 Diosc.

113 4067 170 4121 rap.
185 4052 212 4103 8.
228 4050 296 4103 Dru.
317 4084 356 4093 -
376 4050 521 4107 Consolida
538 4050 625 4105 media
671 4052 721 4105 loc.
734 4050 779 4104 cit.
793 4049 859 4111 Inde
871 4069 1122 4121 nomen,aspcrugo.
1135 4050 1170 4106 Η.
