2925 5009
325 436 400 510 268
588 442 628 509 C·
657 442 828 511 PLINII
855 440 967 510 NAT·
996 440 1127 510 ltlsr.

321 572 469 641 Testium
487 569 684 640 ardoribus⁹
699 597 741 641 ex
764 595 871 668 aqua,
892 570 973 648 alins
992 596 1070 641 cum
1084 569 1397 641 melleinfantibus

323 701 455 771 quoque
476 676 694 747 utilissimum.
715 681 801 748 Item
818 677 902 747 sedis
920 680 1008 747 vitiis
1019 732 1028 765 ,
1041 692 1075 747 et
1095 674 1295 747 articulariis
1312 704 1398 747 mor·

323 783 394 868 bis,
415 807 491 851 cum
507 782 604 852 melle
624 784 753 855 et'fico.
773 782 926 853 Contra¹⁰
945 808 1073 853 venena
1089 786 1187 853 etiam
1203 782 1328 853 efficax
1341 808 1396 879 po

323 904 406 957 tum.
429 890 586 958 Medetur
606 905 640 959 et
660 892 868 986 suspiriosis:
890 892 969 959 item
993 888 1132 975 fistulis,
1154 915 1231 960 cum
1254 892 1397 985 axungia

323 997 446 1079 veteri,
464 997 509 1064 ita
529 1021 572 1064 ne
593 998 681 1066 intus
703 997 855 1067 addatur.

292 1135 302 1164 1
376 1104 534 1170 LXXVI.
556 1102 776 1173 Horminum¹
796 1104 938 1189 semine,
961 1116 1000 1171 ut
1016 1101 1177 1183 diximus,
1197 1104 1339 1173 cumino
1358 1102 1397 1170 si·

325 1206 403 1275 mile
426 1223 493 1290 est,
515 1224 636 1277 cetero
658 1208 796 1303 porro²‚
825 1207 1015 1279 dodrantali
1035 1207 1219 1279 altitudine.
1243 1212 1395 1279 Duorum

325 1337 514 1406 generum:
538 1314 632 1383 alteri
658 1340 771 1384 semen
799 1317 945 1410 nigrius,
974 1328 1008 1383 et
1034 1313 1332 1407 oblongum.an
1358 1312 1395 1383 ad

325 1406 506 1488 Venerem³
533 1419 786 1507 stimulandam,
808 1420 905 1491 etad
931 1419 1105 1491 oculorum
1132 1444 1271 1517 argema
1294 1434 1328 1489 et
1351 1419 1395 1487 al·

212 1538 216 1547 '
325 1524 474 1619 bugines.
506 1524 610 1595 Alteri
634 1527 805 1598 candidius
832 1552 945 1598 semen
975 1542 1009 1595 et
1030 1526 1216 1598 rotundius.
1245 1531 1394 1620 Utroque

325 1620 420 1701 tuso⁴
453 1633 673 1701 extrahuntur
701 1633 806 1703 aculei
836 1660 877 1703 er
905 1658 1068 1727 corpore,
1095 1657 1157 1729 per
1186 1660 1223 1704 se
1250 1633 1334 1703 illito
1358 1656 1394 1700 ex

324 1761 411 1831 aqua
426 1764 434 1806 :
451 1738 529 1807 folia
543 1762 584 1807 ex
600 1754 696 1809 aceto
711 1741 882 1836 imposita,
896 1764 1002 1834 panos
1014 1764 1074 1835 per
1090 1764 1124 1809 se
1139 1739 1192 1808 vel
1207 1766 1287 1810 cum
1304 1736 1392 1808 melle

324 1842 508 1913 discutiunt
530 1870 538 1913 :
563 1847 642 1914 item
664 1846 876 1933 furunculos,
895 1849 1089 1941 priusquam
1109 1832 1234 1940 capita⁵
1258 1845 1392 1928 faciant,

324 1974 508 2045 omnesque
530 1954 740 2021 acrimonias.

291 2092 302 2125 r
377 2060 551 2126 LXXVII.
581 2058 672 2147 Quin
694 2072 728 2127 et
751 2056 830 2152 ipsae
848 2058 982 2154 frugum
1005 2072 1115 2153 pestes
1133 2060 1167 2126 in
1185 2058 1302 2154 aliquo
1323 2069 1391 2125 sunt

324 2186 395 2233 usu.
426 2162 546 2233 Infelix
572 2163 775 2234 dictumest
804 2190 824 2235 a
847 2165 988 2261 Virgilio
1016 2162 1162 2233 lolium¹.
1185 2168 1263 2235 Hoc
1285 2178 1386 2233 tamen

362 2418 391 2467 9.
415 2401 521 2453 Testittm
539 2402 675 2455 ardoribus.
695 2402 784 2455 Iliotc.
808 2414 836 2454 et
919 2401 945 2455 3.
972 2401 1029 2453 Hoc
1049 2400 1086 2453 nd
1104 2400 1239 2475 Venerem,
1264 2411 1317 2461 etc.
1334 2398 1387 2450 ttae

323 2480 383 2533 Gal.
394 2480 423 2533 ll.
434 2499 473 2533 cc.
486 2482 575 2533 Hinc.
879 2481 981 2553 pariter
993 2481 1083 2533 Diosc.
1096 2480 1114 2533 l.
1127 2500 1150 2535 c.
1164 2482 1260 2533 Iliun.

368 2577 408 2613 to.
431 2560 533 2613 Contra.
549 2562 636 2614 Diosc.
652 2561 671 2613 l.
686 2562 815 2641 client).
921 2568 946 2625 4.
971 2561 1078 2633 Utroque
1090 2574 1157 2625 tuso,
1175 2572 1226 2613 etc.
1240 2560 1326 2612 Diosc-
1337 2554 1383 2616 ῙῙῙι

362 2640 488 2693 Lxxvl.
506 2660 532 2693 1.
549 2642 701 2693 Hominum.
723 2646 835 2711 Opprime
882 2642 1143 2705 rdbtllncnrrlacdb
1150 2636 1180 2694 dl
1190 2635 1384 2710 numatam...

322 2718 463 2790 Tbeopbr.
474 2720 573 2773 Hister.
585 2721 669 2784 vnt,
690 2738 724 2791 73
740 2721 836 2789 ὄρμινον
879 2722 921 2775 καὶ
934 2723 1057 2781 σκίλοπας
1069 2723 1220 2774 intersim.
1235 2718 1321 2770 linan-

323 2799 444 2851 Dioscor.
455 2800 511 2864 Ill,
530 2800 584 2863 145
594 2839 601 2864 ,
612 2800 689 2852 nobis
701 2812 740 2852 est
754 2799 838 2853 Salvia
922 2802 948 2854 5.
959 2802 1103 2872 Priusquam
1108 2803 1189 2869 capita
1192 2802 1302 2867 saciant.
1312 2794 1385 2848 Priut·

322 2877 466 2931 Hominum
478 2877 583 2941 (Diand.
591 2898 717 2952 monogyn.
729 2898 789 2951 gen.
800 2881 836 2943 64
879 2898 959 2951 quem
977 2880 1005 2949 in
1018 2880 1105 2949 capita
1118 2881 1294 2943 extuberent,
1311 2887 1335 2928 et
1347 2886 1383 2925 tu·

326 2957 399 3011 Pero.
423 2960 523 3012 Lnliot.
549 2953 643 3025 lusa).
674 2960 782 3013 Habitat
807 2959 837 3012 in
880 2958 1143 3014 beterotundentur.
1161 2960 1256 3011 Iliun.

323 3038 426 3092 Gracia
437 3051 464 3093 et
478 3039 585 3111 Apulia.
600 3040 643 3094 Cf.
660 3040 745 3092 Sibtb.
762 3038 834 3091 Flor.
919 3040 1059 3093 LXXVII.
1078 3057 1103 3092 ι.
1119 3038 1210 3105 Infelix
1223 3038 1312 3090 dictim
1324 3042 1356 3084 est
1369 3048 1382 3079 a

323 3117 489 3181 Grtcc.t.xx‚
502 3119 836 3184 etPlin.XVIIl‚n.En.
881 3119 989 3189 Virgilio
1010 3120 1101 3173 lolium.
1128 3119 1237 3171 Loliurn
1268 3113 1325 3188 puni
1344 3106 1381 3162 ad·

267 3246 275 3255 .
364 3219 390 3250 a.
417 3198 504 3253 Porro.
527 3200 631 3253 Plinius
653 3218 705 3271 pro
730 3200 837 3270 npaciou
879 3200 992 3252 mixtum
1005 3199 1162 3269 vertiginem
1176 3196 1273 3268 capitio
1290 3192 1382 3247 tacita

323 3276 386 3349 legit
439 3280 656 3332 tirou.Dt1..-
672 3279 761 3332 Diosc.
777 3280 836 3343 Ill,
879 3278 1067 3350 gravedinem
1099 3276 1171 3331 unde
1203 3273 1379 3348 proverbium,

326 3356 400 3419 145:
449 3378 516 3429 μινον
531 3360 637 3429 ἥμερον,
655 3360 707 3411 πόα
724 3358 775 3419 teti
792 3361 837 3427 tp·
880 3359 939 3411 lolio
969 3361 1085 3410 numm.
1113 3359 1215 3410 Danao.
1236 3384 1277 3399 -
1298 3349 1380 3417 lesdis.

322 3438 394 3507 φιρὴς
405 3438 503 3508 epacte
517 3442 568 3500 τοῖς
580 3441 682 3510 φύλλοις.
699 3462 711 3486 ι
727 3438 837 3491 Hormi·
879 3438 977 3509 Georg.
996 3439 1023 3503 1,
1041 3436 1116 3491 153:
1137 3464 1150 3485 «
1169 3438 1291 3508 interque
1306 3432 1379 3485 niten-

322 3534 388 3568 num
418 3517 500 3570 herba
528 3531 568 3572 est
598 3519 670 3571 foliis
699 3519 838 3572 merrubio
879 3518 915 3571 tia
931 3518 1001 3570 culta
1015 3516 1111 3572 Infelix
1124 3518 1236 3578 lolium,
1253 3527 1280 3567 et
1294 3506 1380 3565 sterile!

322 3595 425 3648 similit.
435 3621 446 3642 ι
455 3597 534 3668 Apud
545 3599 701 3669 scriptorem
711 3616 837 3668 grecum,
878 3596 1052 3649 dominantur
1064 3614 1163 3649 evena.
1177 3622 1189 3644 ι
1202 3594 1296 3649 Infelix
1305 3599 1378 3643 auten

322 3675 442 3747 quisquis
466 3677 512 3729 ille
539 3678 632 3741 fuerit‚·
659 3695 675 3729 a
701 3696 756 3751 quo
780 3678 837 3731 lino
881 3677 976 3729 lolium
998 3675 1157 3747 appellatur,
1173 3676 1215 3729 rel
1237 3669 1307 3746 quod
1322 3664 1378 3719 infe·

323 3754 424 3807 Plinius
436 3768 571 3810 mutuatus
582 3769 630 3821 est,
641 3758 741 3810 rectius
752 3759 838 3810 multo
882 3754 1001 3809 cundum
1021 3768 1077 3819 est,
1091 3768 1123 3808 ut
1142 3756 1250 3809 Servius
1266 3754 1379 3817 interpre-

322 3834 411 3905 πράσῳ
427 3833 506 3907 legit,
521 3855 601 3907 quern
616 3838 713 3908 πρασίῳ
727 3836 839 3889 Diosco-
882 3849 962 3900 tatur,
978 3835 1021 3887 vel
1033 3833 1107 3906 quod
1119 3835 1205 3889 oculis
1217 3818 1375 3887 nocet0tl‘l·

323 3910 400 3965 rides.
431 3913 551 3968 Hor-mini
581 3916 652 3968 enim
684 3917 748 3969 folia
778 3929 840 3969 nunt
883 3909 1377 3985 Fast.l‚691:·Etcarcantloliisoffl·

321 3991 506 4047 arundineccis
525 3996 668 4068 propiora,
690 3996 837 4067 porrmeis·
882 3996 922 4049 los
936 3996 1090 4049 vitiantibus
1104 3995 1168 4065 egri.
1180 4019 1191 4041 ι
1212 3994 1324 4063 fulgent
1337 3980 1374 4034 III*

224 4126 227 4129 .
323 4089 483 4143 que‚quam
502 4075 641 4128 marrubii.
656 4075 748 4126 uino.
883 4074 916 4128 de
932 4076 1021 4147 prisco
1035 4074 1186 4129 Sermone:
1209 4100 1220 4119 ι
1238 4064 1377 4125 tumim·
