2925 5009
273 420 341 489 DE
369 420 546 491 00000
570 421 631 489 ΕΤ
656 420 862 491 GALLIS.
1033 426 1105 520 477

83 541 200 595 llaetenus
210 540 244 593 de
255 540 346 595 Gallis
353 555 459 595 nostras
471 540 511 595 Cl.
525 539 688 603 Gaurraua,
698 546 786 595 Tract.
798 540 1051 596 semimarcas.
1063 546 1090 597 ll
1097 582 1105 606 ‚

61 648 101 702 Η.
109 630 154 699 778
165 648 219 701 sqq.
233 626 314 683 lione
325 628 362 685 de
370 630 459 685 οοοοο
472 629 643 683 disserentem
654 626 803 681 audiamus.

80 742 188 805 [eruo.
204 760 320 814 panum
340 742 531 809 infectorium,
551 760 662 796 coccum
684 742 850 813 bapbicum‚
870 760 980 797 coccum
996 744 1106 797 inlecto·

58 829 109 881 riam
129 830 202 883 offic.
219 832 306 892 adress:
328 832 423 901 βαφαὴ
445 829 610 883 Dioscuridis
630 846 638 882 ε
668 830 774 883 berum
790 844 817 884 et
837 830 944 884 hermes
965 832 1104 887 Arabum:

56 918 131 989 tulgo,
148 922 233 986 grain
255 923 287 969 de
308 925 424 982 hermes,
445 922 536 987 graiae
557 921 706 981 d'deurluse,
731 921 871 972 uermidon.
895 919 1040 975 Foliiculus
1064 933 1104 975 est

55 1005 259 1071 uenbrauaceus,
279 1007 336 1079 pisi
358 1006 555 1077 magnitudine,
574 1006 666 1071 luris,
679 1005 843 1078 splendens,
862 1025 893 1059 es
914 1008 997 1060 rubro
1012 1008 1102 1063 luscus

54 1108 171 1161 penarum
184 1094 319 1157 adinstar,
339 1094 495 1147 tenuissima
510 1094 636 1165 lanugine
655 1094 695 1147 rel
717 1094 870 1165 puluisculo
885 1094 992 1148 cinereo
1004 1108 1104 1164 tectus,

55 1178 173 1234 husan
185 1193 291 1254 turgens
307 1184 400 1237 erulis
412 1183 572 1236 rubentibus
584 1182 626 1235 vel
643 1182 723 1235 etiam
743 1182 927 1247 animalculis,
940 1202 999 1255 que
1017 1184 1107 1258 digitis

54 1268 119 1319 min
135 1269 259 1341 liquorem
279 1269 402 1324 fundunt
417 1270 590 1336 coccineum,
604 1269 704 1341 saporis
717 1270 853 1335 subacris,
866 1271 1105 1337 subamaricantis‚

55 1352 125 1407 odoris
135 1376 186 1409 nou
203 1358 312 1430 ingrati.
337 1360 426 1412 Foliis
443 1370 472 1411 et
492 1358 589 1412 teneris
608 1358 721 1411 surculis
734 1358 874 1429 cujusdam
888 1359 954 1413 ilicis
967 1360 1102 1415 adheret:

53 1458 95 1493 auu
106 1442 203 1513 quidem
213 1447 241 1499 iu
250 1448 382 1501 omnibus
396 1446 565 1517 regionibus,
579 1444 624 1497 sed
636 1445 664 1496 in
678 1443 852 1499 calidioribus
864 1446 1043 1513 solummodo,
1054 1466 1103 1503 uec

56 1531 229 1605 omnitempore
243 1537 393 1609 reperitur,
405 1534 451 1587 sed
465 1533 598 1587 mensibus
611 1534 681 1587 maio
694 1546 721 1588 et
726 1534 816 1606 junio,
827 1547 856 1588 et
868 1534 979 1606 quidem
991 1536 1102 1593 calidio-

56 1614 192 1674 sternata

80 1704 156 1759 l’lrnta
166 1708 261 1764 dicitur
274 1713 331 1766 ilex
341 1713 462 1767 aculeata
473 1709 707 1783 cocciglandilera,
718 1708 750 1763 C.
762 1710 792 1763 B.
805 1708 834 1762 P.
847 1710 898 1774 lad
912 1712 961 1777 (ι).

83 1792 163 1849 Ρηιῐα
175 1811 212 1849 est
225 1800 271 1869 qui
283 1818 318 1853 ex
335 1797 427 1853 radice
438 1798 554 1871 lignosa,
564 1798 642 1869 longe
656 1799 763 1871 lateque
772 1810 910 1869 serpente,
924 1798 1022 1852 cortice
1033 1809 1101 1853 tecta

58 1879 130 1933 trieris
141 1881 230 1939 diremi
250 1905 301 1957 pro
314 1887 421 1940 ratione
433 1886 502 1950 soli,
519 1884 599 1937 modo
614 1882 745 1947 rubente,
760 1884 854 1949 tenui,
872 1896 989 1956 quatuor
1001 1887 1044 1938 rel
1055 1906 1102 1941 sea

62 1964 123 2020 ineas
137 1988 231 2035 mussa,
251 1992 461 2047 nonnumquam
478 1974 588 2036 librata,
604 1974 693 2045 plures
715 1974 833 2026 stolones
853 1972 947 2025 emittit
966 1972 1001 2028 ud
1020 1975 1103 2029 trium

61 2068 174 2123 qutuorre
186 2062 339 2132 palmorum
354 2062 536 2129 altitudinem,
549 2062 682 2133 lignosus,
702 2062 803 2115 cortice
819 2061 895 2115 tenui
909 2062 1040 2116 albicante
1060 2066 1103 2118 vel

64 2140 142 2196 funereo
153 2146 371 2217 circumvestita,
386 2164 412 2203 et
425 2151 451 2203 in
465 2151 554 2221 plures
568 2167 658 2202 ramos
670 2149 768 2203 divisos
777 2189 785 2213 ,
794 2162 905 2202 onustos
919 2150 990 2203 loliis
999 2150 1102 2204 inordi-

63 2231 122 2283 satin
136 2237 236 2304 positis,
258 2240 377 2294 sinuosis
400 2250 425 2292 et
444 2236 579 2291 undulatis
599 2239 652 2289 oris
674 2237 810 2309 spinisque
832 2239 957 2300 armatis,
979 2239 1102 2310 aquifolii

65 2320 161 2385 mimis
174 2324 216 2378 sed
227 2328 393 2391 minoribus,
403 2340 464 2380 octo
474 2325 601 2379 decemve
614 2326 696 2379 lineas
706 2326 810 2397 longis,
825 2344 868 2378 sex
877 2338 1014 2396 septemve
1027 2326 1103 2393 latis,

66 2407 162 2478 ttriuque
173 2410 278 2483 glabris,
291 2416 353 2470 laete
362 2428 388 2468 et
401 2434 502 2486 semper
515 2413 678 2475 virentibus,
689 2414 814 2486 pediculo
829 2414 1030 2468 innixislineam
1047 2414 1102 2468 cir·

68 2489 196 2569 duringa.
208 2502 297 2557 Flores
311 2504 419 2577 profert
433 2501 595 2556 masculinos
607 2514 633 2555 et
652 2502 793 2555 lesniuinos
803 2502 832 2553 in
842 2501 937 2554 eodem
952 2502 1101 2555 individuo.

70 2572 134 2633 ΠΜ
147 2588 276 2643 masculini
289 2592 319 2644 in
340 2603 474 2644 amentum
487 2590 579 2642 larum
593 2588 688 2661 digesti
703 2587 852 2659 periantbio
864 2586 998 2641 donentur
1008 2608 1104 2642 mono·

69 2660 149 2735 lilii&
160 2673 333 2747 quiuquefido
347 2678 389 2731 ael
404 2674 572 2749 quadrifido,
587 2674 709 2727 laciuulis
723 2672 814 2727 bifidis
825 2675 932 2737 acutis,
947 2675 1048 2746 absque
1058 2694 1105 2729 oo·

72 2750 131 2818 ”ibt
145 2762 286 2818 staminibus
295 2784 363 2820 sero
378 2765 500 2837 pluribus
514 2768 589 2831 (octo
597 2762 720 2829 circiter)
734 2761 913 2827 brevissimis,
926 2779 1041 2832 quorum
1054 2781 1103 2817 an·

72 2830 129 2890 'lua
140 2858 227 2915 magne
240 2862 265 2903 et
275 2850 401 2923 didyme.
410 2846 542 2903 Feminiui
551 2866 614 2901 vero
625 2848 654 2900 iu
666 2865 770 2917 gemma
785 2846 887 2899 sessiles
899 2858 1023 2899 constant
1034 2849 1103 2919 peri·

74 2921 140 2977 aubis
149 2936 319 3009 monophyllo,
328 2938 458 3003 coriaceo,
468 2935 678 3007 hemispherion,
690 2936 794 2998 scabro,
804 2930 986 3004 integerrimo,
999 2936 1028 2987 in
1038 2935 1105 2991 flore

74 3006 234 3087 uenirem,
245 3026 328 3079 etiam
337 3026 441 3098 absque
449 3023 557 3078 corolla.
570 3021 690 3076 Germini
700 3034 783 3075 ovato
794 3021 905 3074 minimo
919 3022 980 3094 styli
993 3021 1050 3077 duo
1059 3023 1103 3077 rel

79 3095 165 3173 l'ltque
177 3107 300 3179 insident,
315 3114 426 3175 setacei,
441 3114 531 3185 calyce
542 3112 675 3184 longiores
685 3148 693 3175 ,
704 3110 828 3183 stigmata
839 3109 967 3181 simplicia
981 3122 1007 3163 et
1020 3112 1103 3183 perai-

77 3189 143 3242 “ulit
153 3212 269 3265 gerentes.
291 3204 407 3257 Fructus
425 3221 482 3255 nux
497 3214 537 3256 est
555 3201 638 3255 oralia
658 3213 747 3253 crusta
765 3199 884 3272 gaudens
900 3199 1033 3259 codeces,
1044 3202 1103 3251 uni-

79 3270 183 3335 mans,
198 3285 301 3357 derasa,
314 3292 393 3345 affixa
411 3290 485 3343 brevi
501 3288 585 3362 calyci
604 3300 629 3342 et
647 3288 725 3359 quasi
740 3288 867 3360 spinoso,
886 3298 954 3340 teres
968 3298 993 3340 et
1006 3288 1104 3358 glabra.

79 3354 170 3422 lustu
180 3374 204 3427 n
214 3377 296 3433 catis
309 3378 496 3441 amassent,
510 3376 656 3450 nupera,
673 3376 762 3440 nan„
776 3376 899 3438 osenna,
912 3386 963 3428 210.

101 3446 173 3511 lesa„
190 3468 312 3533 genuinos
332 3467 451 3531 l'ructm,
472 3462 581 3536 glandes
599 3482 711 3535 nempe,
733 3462 843 3535 quidum
866 3464 947 3516 veluti
967 3460 1104 3515 folliculus

82 3536 224 3617 hlamma,
240 3556 318 3611 variis
331 3556 360 3608 in
378 3554 490 3628 hujusce
502 3552 604 3607 fruticis
617 3552 736 3623 pertibus
754 3552 926 3622 conspicitur,
944 3569 1106 3623 magnopere

81 3622 199 3719 “Qus
214 3660 319 3697 coccum
333 3641 505 3697 infectoriurn
515 3640 620 3706 dictus,
635 3638 671 3693 de
684 3642 760 3714 cujus
778 3639 880 3712 origine
898 3640 969 3691 inter
983 3651 1105 3691 auctores

85 3706 116 3764 dn
128 3734 236 3783 oertameu
256 3735 315 3788 suit.
332 3732 386 3787 Atii
405 3732 476 3785 enim
493 3731 610 3784 fructum
624 3748 680 3784 esse
697 3728 798 3801 opinati
811 3740 887 3795 sunt;
906 3728 952 3782 alii
964 3726 1102 3799 quoddam

84 3813 199 3868 “metti
210 3838 289 3889 genus
307 3842 340 3877 ex
354 3822 464 3875 vulnere
476 3820 510 3874 ab
526 3818 629 3873 inrecto
642 3817 760 3891 quodam
775 3818 867 3871 arbori
880 3815 982 3869 inflicto
995 3829 1105 3882 uatum;

106 3970 130 4034 (¹)
142 3980 199 4032 Nubis
209 3992 301 4052 Querens
316 3990 441 4054 remisere,
459 3988 489 4035 de
506 4004 553 4051 qua
569 3986 634 4033 conl.
647 3988 744 4034 Exeurs.
758 3987 789 4035 de
799 3986 1061 4047 Queroubusl'eternm
1075 3984 1108 4030 ad

90 4047 181 4105 ttitrulb
193 4066 253 4129 ΧΠ,
267 4084 325 4121 rom.
335 4072 365 4125 V,
380 4084 435 4131 pag.
445 4066 492 4115 ost
502 4066 559 4115 edit.
569 4065 675 4125 hujusce.
688 4066 734 4111 lin.
