2925 5009
435 483 588 554 ninus
614 484 760 555 xxvi.
1059 480 1132 578 689

108 617 230 687 xvtl.
255 613 370 686 Altera
391 639 412 685 a
431 616 630 712 quibusdam
657 615 773 687 salria¹
800 614 996 712 appellatur,
1019 617 1130 687 similis
1153 646 1163 679 ι

45 722 225 791 verbasco
239 748 248 791 :
263 724 448 793 conteritur
462 746 502 791 ea
517 738 553 793 et
571 721 680 793 colata
693 721 823 808 calefit,
836 738 935 818 atque
951 726 997 793 ita
1011 724 1054 795 ad
1067 738 1132 795 tus·

46 830 118 897 sim
141 826 321 923 laterisque
332 827 464 899 dolores
477 829 618 900 bibitur:
634 844 752 899 contra
765 833 956 925 scorpiones
969 830 1084 901 eadem
1098 844 1132 898 et

46 934 226 1003 dracones
239 936 385 1005 marinos
394 935 523 1005 efficax.
541 940 668 1006 Contra
678 950 848 1030 serpentes
861 960 994 1031 quoque
1004 961 1045 1005 ex
1057 936 1132 1006 oleo

47 1043 206 1135 pertingi
230 1064 270 1109 ca
289 1041 434 1137 prodest.
460 1044 602 1137 Hyssopi
626 1040 823 1113 fasciculus²
847 1066 924 1111 cum
949 1041 1133 1138 quadrante

48 1146 168 1217 mellis
183 1146 383 1242 decoquitur
399 1148 443 1217 ad
459 1150 587 1219 tussim.

109 1256 249 1323 XVlll.
266 1248 361 1347 (vn.)
376 1257 506 1325 lateris
518 1270 553 1324 et
566 1253 727 1351 pectoris¹
747 1255 917 1325 doloribus
936 1256 1131 1327 verbascum
1153 1290 1164 1325 t

50 1386 141 1429 cnm
158 1374 238 1429 ruta
258 1386 299 1431 ex
317 1384 403 1455 aqua
420 1388 429 1429 ε
446 1364 621 1433 vettonica
640 1362 746 1432 farina
761 1360 904 1431 bibitur²
921 1386 961 1430 ex
976 1386 1062 1457 uque
1079 1388 1131 1433 ca-

51 1466 138 1537 lida.
161 1452 399 1537 Stomachum³
418 1468 615 1537 corroborat
636 1468 800 1537 scordotis
823 1491 971 1537 succus:
996 1484 1129 1539 centau·
1189 1484 1192 1493 ¹

52 1574 147 1642 rium
157 1561 183 1657 ⁴,
197 1558 368 1666 gentiana⁵
383 1598 423 1643 ex
439 1598 526 1669 aqua
535 1590 632 1668 potte.
643 1574 802 1670 Plantago
816 1589 873 1643 aut
883 1597 942 1669 per
953 1598 988 1643 sc
999 1590 1130 1670 sumpta
1223 1622 1227 1629 -

53 1680 90 1747 iu
104 1680 208 1761 cibo,
224 1692 282 1747 aut
294 1704 370 1747 cum
384 1678 488 1765 lente,
502 1680 634 1753 alicaeve
652 1680 842 1751 sorbitione.
858 1682 1034 1750 Vettonica
1052 1680 1132 1751 alias

56 1770 198 1879 gravis⁶
220 1786 409 1870 stomacho,
423 1788 502 1855 vitia
520 1800 632 1857 tamen
647 1801 741 1857 sanat
758 1800 856 1881 pota,
874 1785 927 1856 vel
945 1785 1030 1857 loliis
1046 1812 1134 1858 com·

56 1892 275 1962 manducata.
302 1894 388 1961 Item
409 1892 623 1963 aristolochia
646 1908 743 1992 pota:
766 1895 934 1987 agaricum
954 1892 1133 1963 manduca·

59 2082 167 2115 um
184 2060 259 2116 idem
278 2062 390 2116 valuisse
408 2076 488 2135 atque
500 2064 577 2136 equi·
662 2082 689 2118 a.
706 2064 816 2136 Hyssopi
828 2064 970 2130 fasciculis.
992 2062 1060 2116 Cels.
1082 2064 1134 2128 IV,

58 2162 122 2195 nan
135 2142 279 2213 ungulam.
295 2142 383 2195 Mmt
396 2158 468 2197 certe
483 2144 577 2196 veteri·
622 2149 655 2207 4,
677 2142 712 2196 de
725 2143 808 2197 tussi:
827 2141 970 2213 «Oportet
984 2143 1130 2213 hyssopum

59 2224 111 2275 bus
131 2221 234 2283 Gallis,
261 2219 397 2293 hodieque
423 2222 578 2275 Britouibus
618 2224 702 2276 altero
715 2242 823 2294 quoque
834 2220 878 2277 die
892 2222 992 2275 bibere.
1010 2246 1022 2269 ι
1037 2220 1128 2275 lirun.

60 2302 229 2355 Aremoricis
247 2320 332 2373 quum
350 2315 425 2355 sonat
440 2322 448 2354 ε
462 2301 537 2374 quod
549 2314 577 2355 et
659 2304 764 2356 xvut.
797 2324 819 2355 ι.
850 2304 945 2355 launi
968 2315 993 2354 et
1016 2306 1129 2371 pectoris.

61 2380 209 2435 Pausanias
218 2392 330 2435 testatur
340 2381 369 2433 in
383 2382 577 2444 Phocicis‚seu
618 2381 743 2435 Totidem
762 2382 819 2435 lere
838 2382 926 2435 verbis
947 2382 1029 2435 mam.
1050 2383 1128 2451 Emp.

61 2460 109 2515 lib.
136 2463 179 2527 X,
203 2480 232 2531 p.
257 2460 323 2524 645.
348 2461 447 2513 lidum
473 2479 575 2531 porro,
618 2460 1130 2534 c.xx1r.psg.mulium-Dolo-

62 2559 121 2611 «με
133 2561 187 2595 nox
198 2541 227 2593 in
238 2559 273 2593 eo
287 2540 408 2593 Marcelli
421 2541 496 2601 loeo.
510 2542 579 2595 eliis·
619 2542 691 2595 ntus.
705 2542 790 2595 Grou.
803 2554 830 2595 et
839 2542 882 2595 ΑΙ.
893 2555 954 2595 unte
967 2540 1051 2594 Hurd.
1065 2542 1131 2593 dolo-

64 2621 372 2691 queoccurrit.Luuam
382 2618 577 2674 decrescentem
618 2622 727 2674 melio.
864 2660 869 2665 -

62 2702 211 2771 significet,
224 2711 257 2753 ut
269 2699 376 2753 abunde
394 2698 510 2753 declarat
522 2700 578 2753 Du-
661 2720 688 2753 s.
702 2701 925 2769 thonicoescrinc
936 2700 1033 2753 bibitur.
1046 2700 1129 2753 Marc.

63 2781 180 2851 cingius
195 2779 225 2832 iu
238 2778 388 2844 Glossario,
399 2799 425 2831 r.
435 2779 512 2832 Ledo.
522 2778 556 2831 ΙΙ.
619 2781 699 2851 Emp.
710 2780 762 2834 loc.
774 2780 819 2833 cit.
832 2793 858 2833 et
870 2799 928 2852 esp.
945 2798 1057 2850 xv11,p.
1074 2782 1128 2833 rub

102 2861 196 2913 xvu.
214 2876 237 2913 t.
251 2858 335 2913 Salvis
347 2860 492 2930 appellatur.
507 2858 576 2923 Qui·
618 2879 659 2932 sq.
674 2862 737 2913 Aut.
752 2860 842 2921 Musa,
851 2861 907 2913 sire
920 2860 979 2932 quis
992 2860 1069 2925 alius,
1080 2860 1128 2914 lib.

65 2936 125 2993 dem
139 2940 237 2993 volunt
249 2938 293 2993 bic
305 2937 421 2993 describi
434 2938 577 3010 spbacleon
619 2938 654 2993 de
665 2940 818 3003 Vettonica,
832 2952 852 2992 t.
869 2943 886 2995 8
901 2952 927 2992 et
944 2945 989 3001 14.
1002 2992 1007 3003 ,

65 3018 381 3092 'l'beopbrastizquidam
393 3032 514 3073 nostrum
525 3030 578 3071 sta·
660 3019 685 3071 3.
705 3016 867 3072 Stomachus.
884 3018 973 3071 Diosc.
989 3018 1046 3078 ΙΙΙ,
1065 3020 1131 3084 1²5,

65 3097 143 3169 cbyru
154 3098 577 3170 vulgaremnliiorminumvul
618 3096 654 3152 ud
670 3100 800 3152 stomachi
817 3100 936 3153 rosiones
950 3098 1129 3152 commendat.

67 3196 139 3248 pre,
161 3179 230 3231 llore
249 3178 365 3231 cseruleo
382 3200 388 3229 :
406 3176 515 3249 quidem
532 3180 577 3229 Ε·
619 3176 666 3231 Ad
678 3178 809 3233 stomachi
829 3196 949 3243 morsus,
964 3176 1038 3250 quod
1057 3177 1130 3233 idem

67 3258 202 3331 limpida,
215 3258 330 3329 pectoris
348 3258 450 3311 morbis
468 3256 577 3312 utilissi·
619 3270 671 3323 est,
685 3258 768 3310 Marc.
782 3258 860 3330 Emp.
876 3278 898 3311 c.
913 3277 964 3321 xx,
978 3276 1004 3327 p.
1022 3258 1082 3327 139.
1095 3258 1131 3313 ll.

68 3354 143 3391 nem.
161 3342 232 3391 Der..
242 3368 282 3377 -
298 3338 388 3391 Altesu
401 3358 418 3389 a
435 3336 576 3407 quibusdum
659 3344 688 3401 4.
703 3338 867 3391 centaurium.
884 3338 968 3391 Marc.
983 3338 1062 3409 Emp.
1078 3338 1128 3391 loc.

67 3419 149 3471 alsia.
171 3418 296 3471 Silvestre
316 3418 370 3470 boe
393 3417 577 3471 verbasculum
618 3416 665 3469 cit.
692 3442 705 3465 ι
726 3418 882 3471 Centaurea
906 3417 993 3471 tenuis
1018 3436 1130 3481 succus,

68 3514 134 3561 ase,
144 3497 231 3549 simile
243 3495 382 3561 salrie,de
390 3515 446 3567 quo
459 3494 578 3549 diximus
619 3510 752 3566 quantum
760 3497 840 3561 cicer,
854 3516 887 3551 ex
899 3514 965 3567 equa
976 3495 1068 3563 datus,
1080 3510 1131 3551 sto·

68 3574 136 3630 lbro
162 3575 317 3641 anteriore,
341 3594 400 3646 cap.
428 3577 482 3647 73,
513 3594 577 3629 cum
620 3576 746 3630 macbicis
759 3576 875 3647 prodest.
892 3574 1008 3629 nilico.

69 3654 185 3721 lluellio,
201 3675 258 3709 nou
274 3656 389 3726 ignobili
404 3674 467 3709 sane
480 3655 577 3709 berba-
661 3656 688 3708 5.
704 3656 934 3709 Gentiana.Diosc.
945 3656 999 3721 ΙΙΙ,
1010 3655 1035 3707 3.
1047 3655 1081 3707 H.
1091 3688 1131 3699 .-

69 3734 120 3799 rio,
141 3736 315 3807 suspicamur.
340 3737 431 3789 lino.
449 3766 489 3778 —
505 3736 574 3787 Ver·
620 3734 706 3788 Nobis
724 3736 848 3789 Gentiana
861 3736 934 3788 intem
949 3734 1001 3787 En.

70 3812 174 3869 bascum
195 3816 239 3869 cui
257 3814 309 3869 flos
326 3834 441 3879 eureus,
456 3828 485 3870 et
500 3817 579 3884 pitia
660 3820 687 3867 6.
711 3816 840 3867 Vettonica
866 3817 930 3867 «aas
951 3818 1040 3883 praru.
1065 3818 1128 3869 Ant.

71 3894 214 3965 hosapc'sqs
229 3896 317 3965 ipssa,
330 3895 393 3949 lolia
403 3895 491 3949 salvia
503 3894 579 3948 simi·
620 3892 696 3947 Musa
706 3896 749 3949 tit.
767 3914 815 3948 ro:
833 3921 844 3944 ι
861 3892 902 3947 lld
914 3896 1040 3948 stomachi
1053 3892 1130 3948 dolo·

72 3971 120 4037 lis,
140 3975 227 4029 Diosc
244 3976 296 4040 1V,
328 3994 390 4045 107,
409 3988 448 4029 est
469 3974 577 4027 Phlomis
620 3992 686 4026 rem·
709 4000 721 4021 ι
738 3976 773 4027 Et
798 3975 882 4029 Marc.
910 3977 988 4045 Emp.
1016 3994 1039 4029 c.
1067 3994 1132 4039 xvi,

74 4051 205 4122 iycluitis,
222 4058 298 4125 cujus
312 4056 392 4108 etiam
404 4055 484 4125 paulo
497 4072 577 4124 supra
621 4070 649 4123 p.
668 4073 730 4123 ¹¹7·
748 4056 815 4107 ltem
835 4074 858 4108 c.
874 4072 921 4119 xx,
934 4072 961 4125 p.
985 4062 1053 4119 ria,
1077 4056 1132 4119 145

74 4129 163 4189 iloster
175 4135 306 4190 meminit.
317 4135 370 4189 En.
621 4145 648 4187 et
665 4138 728 4198 148.
744 4134 834 4189 Hiar».
