2925 5009
262 426 284 468 n
525 401 564 471 C.
589 401 765 472 PLINII
790 403 899 473 ΝΑΤ.
926 402 1058 471 illst.

262 536 295 603 in
308 534 442 623 orbem,
456 534 490 603 in
502 534 691 632 obliquum,
706 536 740 603 in
756 534 937 623 ambitum,
950 532 1103 631 quodam
1122 558 1255 607 coronae
1269 562 1331 633 per

260 664 402 711 coronas
424 656 573 713 currunt.

229 777 238 810 t
312 750 358 816 II.
379 741 446 837 (11.)
460 746 695 819 Tenuioribus'
713 746 894 817 utebantur
913 746 1071 843 antiqui¹‚
1092 762 1247 844 stroppos
1268 774 1327 847 ap·

261 853 439 949 pellentes:
457 853 545 924 unde
558 870 636 925 nata
647 852 840 950 strophiolo.
848 856 941 945 Quin
957 869 990 923 et
1004 853 1203 925 vocabulum
1217 858 1327 951 ipsum

260 962 354 1030 tarde
375 964 657 1032 communicatum
676 976 747 1049 eet,
767 962 855 1029 inter
874 985 968 1031 sacra
985 946 1128 1031 tantum³
1138 976 1173 1031 et
1191 961 1328 1034 bellicos

259 1068 403 1137 bonores
425 1068 557 1138 coronis
575 1093 671 1138 suum
690 1092 813 1137 nomen
835 1067 1088 1138 vindicantibus.
1111 1069 1226 1157 Quum
1244 1095 1327 1139 vero

257 1200 275 1242 e
291 1173 428 1244 floribus
441 1172 560 1245 fierent
573 1190 661 1245 serta
668 1161 692 1263 ⁴,
712 1198 731 1243 a
752 1173 894 1243 serendo
908 1160 1040 1243 serviae⁵
1053 1172 1325 1269 appellabantur:

296 1332 332 1385 11.
345 1350 368 1386 r.
385 1332 551 1385 renitantur.
564 1332 679 1386 Gon-ome
695 1330 768 1386 ride·
813 1332 865 1385 tine
878 1330 975 1385 recinit
992 1330 1095 1402 hymno
1113 1333 1128 1386 3
1143 1346 1206 1387 ante
1218 1333 1326 1400 cibum,

255 1411 330 1473 lieet,
347 1431 402 1465 non
416 1430 431 1465 e
448 1411 558 1467 floribue
575 1410 701 1485 quidem,
719 1410 767 1466 red
811 1429 880 1465 vere.
897 1415 950 1465 26:
966 1438 978 1459 ·
990 1412 1105 1481 Sperne,
1116 1412 1241 1478 Camena,
1254 1414 1326 1467 leves

253 1490 357 1545 duabus
369 1491 488 1546 tribuere
499 1490 595 1551 taeniis.
611 1492 666 1546 eive
679 1492 766 1545 oorol-
811 1488 918 1556 derat,
932 1490 1047 1561 Cingere
1065 1504 1187 1562 tempora
1200 1493 1275 1563 qneie
1284 1512 1328 1547 eo·

252 1572 285 1625 lie
299 1571 413 1625 invicem
425 1570 516 1638 tortie3
528 1572 565 1625 uio
574 1584 604 1626 ut
614 1590 629 1625 e
641 1571 767 1641 pluribus
809 1570 856 1623 lita
869 1588 898 1625 ee
908 1570 1056 1642 :Sertaque
1068 1572 1178 1641 myetioa
1189 1571 1325 1643 dactylioo

252 1670 305 1705 uno
317 1652 400 1705 fieret.
413 1652 520 1722 Στρόφια
535 1649 701 1714 dicebantur,
713 1651 766 1705 hoe
809 1650 911 1703 Tenere
922 1648 999 1704 docta
1013 1651 1064 1723 liga
1077 1652 1216 1724 strophio,
1231 1652 1324 1707 Laude

252 1744 307 1796 eet,
325 1731 411 1785 tascie
432 1729 533 1801 cupitis.
552 1730 656 1783 Nomen
670 1748 702 1785 ex
718 1750 764 1798 eo,
809 1728 854 1782 dei
876 1728 1000 1783 redimita
1020 1749 1140 1784 nomas.-
1165 1732 1322 1803 Dactylt'rum

251 1808 473 1883 quodensenteee
487 1811 598 1865 tortiles.
616 1810 714 1881 virgil.
736 1812 765 1865 in
808 1811 941 1880 strophium
963 1822 1041 1863 vocat
1064 1811 1191 1865 miminis
1213 1830 1321 1883 genno,

251 1892 343 1963 Copa:
359 1890 416 1943 uEt
435 1887 575 1961 gravidum
590 1908 669 1944 roseo
688 1903 766 1945 neote
807 1888 881 1961 qnod
889 1889 1321 1961 grammatioidaotylienmnda·

251 1982 332 2042 caput
347 1970 476 2043 strophio·
486 1995 498 2019 ι
515 1970 609 2023 Hun.
806 1968 880 2039 otylo
890 1968 974 2041 pede,
992 1988 1048 2042 quo
1059 1970 1116 2023 fere
1130 1984 1250 2039 constat,
1271 1991 1321 2043 ap·

292 2070 319 2103 a.
331 2052 445 2123 Antiqui,
455 2061 573 2120 stroppot.
583 2050 627 2103 Sio
638 2061 664 2103 et
671 2048 762 2103 chiffl.
806 2048 948 2119 pellarunt.
959 2049 1004 2102 ste
1018 2047 1089 2102 idem
1105 2050 1209 2121 hymno
1224 2053 1320 2115 tertio,

251 2138 343 2201 strnpos
357 2132 444 2183 Turn.
459 2130 568 2200 strophia
581 2128 666 2183 Gmn.
679 2142 705 2183 et
719 2129 762 2183 ΑΙ.
805 2127 861 2199 eripi
877 2129 1012 2199 στεφάνου,
1022 2148 1092 2182 vere.
1106 2133 1175 2184 ²08:
1191 2158 1202 2180 ι
1211 2133 1259 2184 Aet
1269 2150 1320 2203 ego

250 2210 457 2279 Em—Antr’qur'.
470 2210 566 2261 Ianum
578 2208 698 2261 omniurn
705 2209 763 2280 pri·
805 2222 873 2261 nerto
888 2208 972 2261 choro
985 2210 1014 2261 in
1026 2207 1116 2262 medio
1134 2210 1217 2263 Texta
1234 2212 1318 2265 feram

249 2308 323 2342 mum
344 2306 485 2343 nummum
504 2288 676 2360 percussine,
692 2300 763 2342 rate·
804 2286 875 2359 pede
892 2287 1034 2361 dactylioo.
1046 2312 1058 2336 ι
1074 2289 1233 2361 Strophium
1253 2310 1318 2346 vero

251 2382 278 2423 et
297 2387 377 2422 naver
393 2368 542 2434 inveniere,
555 2386 665 2422 coronae
684 2386 762 2441 repe·
803 2387 855 2439 pro
866 2368 985 2421 rumine
999 2369 1150 2440 rampant,
1161 2368 1235 2441 qnod
1244 2392 1318 2443 erpo·

249 2448 330 2514 risse,
345 2447 452 2520 illioque
472 2448 552 2502 tuisse
574 2464 666 2511 unum,
681 2446 763 2502 tradit
803 2444 1073 2520 odGrmoiamtbdii,
1083 2462 1253 2515 armenem,
1263 2470 1318 2523 quo

249 2528 406 2585 Athenaeus,
419 2527 467 2583 lib.
478 2528 542 2591 XV,
551 2546 582 2581 ae
592 2525 654 2580 ideo
666 2528 762 2581 multae
804 2523 915 2580 deornm
927 2526 1020 2582 laudea
1030 2528 1209 2583 eontinentur.
1223 2530 1259 2583 Η.
1277 2562 1318 2575 -

249 2607 367 2661 civitatee
379 2607 462 2661 Italia
475 2606 647 2661 acsicitiein
659 2624 762 2677 inape·
803 2604 928 2678 stroppos.
950 2608 1024 2663 Brot.
1046 2626 1079 2660 ex
1099 2608 1175 2663 MSS·
1193 2611 1274 2682 Regn-
1291 2631 1316 2678 ι,

249 2687 344 2753 onnia,
358 2686 441 2740 altera
460 2700 535 2759 parte
548 2686 684 2759 bicipitem
698 2704 760 2741 enm
806 2704 838 2748 a,
859 2698 888 2740 et
898 2687 1162 2759 Cameeaoseruppos·
1172 2690 1226 2744 Eo.

242 2764 361 2827 endere,
378 2766 459 2821 attera
474 2767 516 2819 vel
533 2785 644 2829 navem,
658 2767 700 2819 vel
717 2784 761 2820 re·
846 2767 873 2821 3.
887 2768 955 2820 later
965 2787 1036 2820 seem
1047 2770 1314 2837 mun.anooro·

249 2858 324 2908 tem,
338 2846 380 2899 vel
395 2864 532 2899 eoronam.
546 2846 697 2911 Victorino,
711 2845 761 2901 tib.
803 2846 858 2899 neti
871 2848 1042 2918 peragebant.
1055 2849 1161 2903 Dauo.

248 2924 377 2987 xxxvl,
386 2942 444 2997 oap.
455 2923 760 2997 16.Dan.-Stroppos.
845 2930 872 2989 4.
886 2926 914 2980 E
921 2928 1027 2998 floribus
1034 2926 1126 2997 fierent
1138 2941 1212 2981 serta·
1231 2928 1313 3001 Apud

198 3042 199 3049 κ
249 3006 307 3059 Hoc
323 3005 761 3076 eet‚etrophia.Siortropposprio·
803 3006 1314 3076 Apul-XAeini,GratinetHornVe·

248 3103 278 3137 re
290 3084 350 3136 loro
364 3084 491 3137 exhibent
504 3085 669 3157 MSSAEegg.
680 3086 759 3139 Coib.
803 3102 894 3137 nerem
903 3083 980 3139 deum
994 3106 1068 3141 sunm
1083 3089 1231 3158 propitient
1241 3091 1314 3159 jaou·

248 3162 341 3217 cniffl.
352 3176 403 3218 etc.
413 3165 447 3217 Et
454 3182 519 3219 vero
534 3166 640 3219 Fertne:
650 3164 760 3235 :Strop
801 3164 835 3217 lie
846 3164 920 3219 floris
927 3167 990 3219 eerti
998 3206 1006 3230 ‚
1014 3180 1041 3220 et
1050 3168 1139 3221 soloti.
1150 3169 1271 3222 Coronae
1280 3189 1312 3222 ex

248 3260 299 3314 pue
312 3254 367 3308 eet,
383 3243 485 3315 inquit,
505 3256 535 3299 ut
550 3244 759 3311 AtteiuePhiio·
801 3242 927 3309 floribus,
943 3246 1075 3317 στεφάνους
1094 3249 1204 3309 ἰοθαλέας
1220 3248 1312 3302 Pbiio·

247 3324 324 3394 logue
336 3322 488 3389 existimat,
502 3322 576 3395 quod
587 3340 671 3395 graue
685 3326 757 3395 erpd·
801 3339 971 3380 xenueroont
985 3324 1058 3397 apud
1074 3328 1169 3382 Athen.
1186 3327 1235 3379 lib.
1255 3329 1310 3393 IX,

246 3421 297 3472 proi
307 3400 540 3475 vocatur,etqnod
547 3402 697 3457 mcerdoter
705 3422 757 3473 pro
799 3420 860 3474 pag·
875 3405 938 3457 203.
953 3403 1034 3475 Apud
1046 3405 1170 3464 eumdem
1184 3410 1311 3478 σπορινοὺς

245 3482 343 3553 insigni
359 3482 458 3535 babent
478 3482 506 3535 in
523 3482 618 3554 eapite.
637 3481 756 3550 Quidem
800 3482 920 3535 Dromon
933 3497 1027 3551 vooet,
1042 3502 1102 3555 que
1117 3487 1229 3557 singolis
1246 3506 1310 3540 oon·

245 3578 372 3615 turonem
381 3580 436 3614 eene
448 3560 553 3629 dieunt,
564 3574 610 3616 aut
621 3560 694 3634 quod
705 3580 757 3634 pro
799 3562 868 3616 rivio
879 3561 1115 3633 dispertiebantur.
1126 3568 1230 3620 Diuo.

244 3658 343 3695 oorona
357 3640 458 3711 insigne
466 3642 494 3695 in
502 3655 582 3712 cnpnt
591 3644 756 3714 imponetur,
842 3642 868 3696 5.
880 3644 908 3695 A
916 3644 1015 3695 senode
1022 3648 1114 3697 seroie.
1124 3644 1218 3699 Serere
1224 3664 1308 3717 porro

244 3720 323 3792 qunle
338 3720 373 3773 eit
390 3722 547 3791 strophium.
568 3723 662 3793 Itaque
681 3721 755 3794 apud
798 3720 917 3793 intellige
936 3724 1038 3792 lignee:
1062 3722 1135 3777 nude
1162 3737 1192 3778 et
1215 3743 1309 3779 eonn-

243 3798 358 3853 Falinoos
372 3798 444 3851 diem
455 3800 550 3854 festum
566 3820 636 3867 eene,
645 3802 693 3874 qui
706 3820 752 3855 vo·
798 3818 867 3855 rere·
881 3833 923 3845 —
938 3804 979 3857 Ita
991 3802 1067 3856 Mss.
1080 3822 1173 3859 omnen
1186 3806 1309 3875 proxime

242 3892 317 3933 eatur
345 3878 515 3951 Strupearie,
537 3881 600 3951 qnia
631 3882 751 3935 coronati
793 3881 929 3953 appellati.
944 3882 1024 3937 Forte
1035 3883 1133 3938 reotine
1144 3897 1307 3938 tamenne·

242 3958 392 4024 ambulent,
404 3972 453 4014 etr.
464 3984 476 4008 ι
490 3960 551 4014 Alio
562 3962 640 4033 longe
650 3962 750 4033 signifi·
794 3961 972 4017 oudonem.
982 3963 1050 4016 Nam
1060 3977 1088 4018 et
1097 3982 1111 4016 a
1120 3969 1186 4029 sero,
1197 3966 1306 4031 honest,

241 4041 452 4111 ontu‚suoplu'um
467 4040 612 4113 dactylicum
626 4040 749 4095 Pruden·
795 4054 892 4108 necto,
909 4043 988 4096 series
1003 4040 1075 4097 diota
1094 4056 1141 4098 est.
1163 4045 1303 4099 Rationem
