2925 5009
331 422 401 515 472
607 422 646 490 c.
673 418 842 491 notun
866 415 972 485 usu.
996 416 1123 485 uisu.

296 584 308 617 1
382 554 488 622 CXX.
513 550 586 621 Neo
609 550 687 621 feno
708 550 835 646 graeco¹
857 550 966 619 minor
979 550 1178 635 auctoritas,
1194 550 1307 646 quod'
1321 550 1389 626 seth

328 646 466 745 uocant,
489 656 545 727 alii
559 658 723 790 cuphos:
743 657 844 753 aliqui
865 656 1023 741 bucerus,
1044 655 1099 725 alii
1114 680 1307 752 tegmem,
1324 684 1390 753 quo

326 764 415 833 niam
428 762 604 834 corniculis
632 789 746 834 semen
761 778 813 834 ost
828 761 954 848 simile,
967 786 1030 831 nos
1039 751 1214 833 siticism⁴z
1229 764 1391 858 quomodo

326 884 503 957 sereretur,
523 894 584 941 suo
600 868 675 941 loco
697 855 897 939 docuimus⁵.
910 870 972 936 Vis
987 868 1059 961 ejus
1078 869 1207 939 siccare
1214 854 1242 955 ⁶,
1257 869 1391 955 mollire,

326 972 519 1045 dissolvere.
536 978 663 1047 Succus
676 975 823 1047 decocti⁷
835 975 1034 1045 feminarum
1049 973 1205 1068 pluribus
1220 974 1317 1046 malis
1329 974 1393 1045 sub

325 1082 416 1151 venit
428 1106 435 1148 :
447 1084 521 1151 sive
532 1080 671 1167 duritia,
688 1083 758 1152 sive
773 1096 903 1165 tumor,
915 1080 987 1149 sive
1002 1068 1203 1150 contractio⁸
1223 1083 1269 1151 sit
1281 1080 1390 1167 vulsa,

325 1186 494 1271 foventur,
508 1186 678 1258 insidunt:
694 1187 841 1257 infusum
859 1210 992 1281 quoque
1011 1186 1156 1279 prodest.
1171 1184 1389 1257 Furfures⁹iu

325 1280 409 1362 facie
424 1306 589 1363 extenuat.
599 1291 739 1389 Spleni¹⁰
747 1292 860 1363 addito
873 1294 964 1361 nitro
974 1290 1151 1363 decoctum
1160 1308 1199 1363 et
1207 1294 1389 1387 impositum

292 1430 306 1465 ι
325 1398 494 1469 medetur:
515 1401 593 1468 item
609 1424 650 1469 ex
664 1412 769 1469 aceto.
785 1400 839 1469 Sic
857 1412 892 1467 et
902 1398 1041 1491 jocineri
1055 1398 1249 1475 decoctum,
1266 1395 1386 1467 Diocles

322 1502 455 1576 difficile
471 1506 673 1600 potientibus
684 1504 707 1529 ¹¹
727 1528 840 1575 semen
860 1504 932 1597 ejus
947 1502 1039 1571 dedit
1055 1504 1225 1573 acetabuli
1244 1526 1387 1572 mensura

321 1612 435 1680 tritum
459 1613 493 1681 in
521 1636 643 1681 novem
668 1612 797 1707 cyathis
818 1634 926 1704 sapae,
954 1622 993 1677 ut
1016 1633 1121 1703 quum
1143 1611 1263 1679 tertias
1287 1622 1384 1703 partes

319 1715 484 1798 biberint,
512 1716 620 1787 calida
640 1716 854 1787 lavarentur:
875 1729 911 1783 et
937 1717 972 1785 iu
992 1714 1112 1785 balneo
1133 1714 1332 1785 sudantibus
1347 1712 1384 1782 di

319 1821 457 1891 midium
477 1848 517 1891 ex
543 1821 658 1893 relicto
678 1822 799 1892 iterum
817 1820 928 1889 dedit:
948 1845 1028 1890 mox
1047 1845 1066 1889 a
1087 1820 1212 1892 balneo
1233 1818 1379 1913 reliquum

318 1952 381 2022 pro
397 1952 529 1997 summo
547 1928 680 1999 auxilio.
699 1930 852 1998 Farinam
873 1926 940 1997 feni
958 1928 1058 2020 graeei
1074 1952 1153 1997 cum
1172 1928 1321 2009 hordeo,
1332 1936 1380 1992 aot

318 2032 376 2102 lini
395 2036 520 2103 semine
537 2034 708 2105 decoctam
735 2058 820 2129 aqua
835 2030 944 2101 mulsa
963 2046 1082 2101 contra
1104 2032 1214 2103 vulvae
1228 2033 1378 2103 cmciatus

317 2256 454 2310 secusviss
467 2256 496 2309 in
511 2258 655 2329 Babylonis
664 2258 773 2330 regione
781 2276 829 2312 ns·
916 2256 943 2311 ὅ.
956 2256 1099 2311 Domuum.
1116 2258 1149 2310 L.
1164 2258 1274 2321 xvttt,
1292 2254 1331 2308 do.
1346 2252 1372 2305 ll

316 2335 409 2401 scitur,
426 2336 519 2408 prodit
530 2338 619 2391 Diosc.
631 2338 660 2403 1,
673 2336 716 2391 51.
735 2338 827 2391 Ηιιιιι.
914 2341 941 2389 6.
960 2336 1069 2389 Stetere.
1086 2336 1178 2390 Dioec.
1193 2339 1236 2401 11,
1251 2342 1316 2398 1¹4,
1331 2332 1373 2384 boc

316 2444 355 2455 —
365 2414 582 2469 Aruodiuaceum
593 2435 700 2487 pumen
711 2418 830 2481 est,sive
873 2427 976 2468 tentum
989 2436 997 2466 ε
1009 2417 1166 2486 μαλακτικὴν
1186 2419 1231 2471 καὶ
1246 2412 1372 2481 &qums

315 2488 524 2566 xatepsi‘fpueue
531 2496 619 2549 Dioso.
630 2496 681 2549 loc.
689 2514 748 2567 sup.
755 2494 829 2549 laud.
873 2495 923 2562 12⁸2
935 2490 1057 2565 dissum,
1072 2518 1085 2541 e
1100 2495 1243 2549 molliendi
1256 2512 1286 2547 se
1298 2491 1371 2545 dism-

314 2572 403 2627 Nobis
422 2572 517 2627 eodem
531 2574 640 2627 nomine
653 2575 758 2627 Arundo
777 2574 828 2629 Ca·
872 2572 958 2627 tiendi
978 2575 1033 2625 vim
1052 2574 1142 2627 babet.
1159 2600 1172 2622 s
1187 2570 1368 2629 llum-Fa·

315 2654 468 2723 hmogrostt's
484 2644 763 2726 (Triauddigymgen.
774 2654 826 2709 183
872 2652 931 2704 rina
948 2653 1055 2705 seminis
1071 2664 1192 2707 tumores
1212 2652 1322 2715 emollit,
1335 2647 1368 2701 di·

314 2731 387 2785 Pers.
415 2732 528 2787 Groneia.
550 2729 643 2795 duee).
667 2733 777 2787 Habitat
800 2733 828 2786 in
872 2730 953 2801 gerit,
976 2743 1108 2795 maturat,
1128 2731 1253 2796 discutit,
1270 2730 1366 2784 dotues

314 2812 460 2883 uliginosis.
472 2811 523 2865 En.
871 2828 924 2880 que
937 2812 1096 2881 compescit,
1110 2830 1173 2865 usus
1184 2811 1254 2866 adeo
1265 2812 1365 2881 usqum

355 2890 438 2944 CXX.
455 2908 479 2943 1.
495 2890 563 2943 Fauo
570 2910 661 2961 groeco.
672 2892 758 2947 Nobis
770 2892 827 2945 Tri·
871 2890 904 2941 tis
912 2903 943 2942 ut
951 2891 978 2942 in
988 2892 1112 2945 lomentis
1120 2902 1149 2944 et
1157 2890 1365 2963 cataplasmatibus

311 2970 410 3041 gonella
417 2972 501 3040 finum
521 2970 690 3041 gracum‚de
705 2990 758 3043 qna
771 2973 827 3042 jem
870 2969 1067 3023 emollientibus
1082 2972 1140 3023 tere
1161 2972 1285 3025 omnibus
1304 2984 1362 3020 omn

313 3050 376 3103 olias
389 3050 501 3121 egimus.
516 3050 567 3103 En.
869 3060 956 3118 petus.
969 3050 1002 3102 In
1020 3050 1182 3121 clysteribus
1199 3051 1296 3105 utiliter
1310 3062 1376 3117 prb·

353 3151 379 3183 u.
410 3129 485 3199 Quod
507 3130 572 3183 teliu.
593 3136 677 3188 Τῆλιν.
707 3128 768 3183 Gal.
796 3128 825 3183 in
869 3127 1004 3190 scribitur,
1016 3126 1052 3181 ad
1065 3128 1119 3182 alvi
1131 3125 1361 3200 probavimdw·

313 3210 392 3281 Expl.
410 3227 468 3263 voc.
489 3208 571 3281 Hipp.
590 3222 656 3262 tom.
671 3208 713 3275 Π,
728 3228 755 3279 p.
770 3210 825 3277 89:
869 3206 979 3275 teriam,
994 3219 1045 3261 etc.
1065 3208 1133 3261 Potu
1147 3207 1231 3269 dstoe
1245 3205 1360 3262 nudae·

311 3291 475 3361 Bounimai
492 3292 569 3351 τῆιις.
589 3290 623 3343 Et
637 3289 704 3342 κατὰ
720 3292 779 3342 τόπ.
797 3289 826 3355 1,
870 3286 950 3339 Conl'.
967 3287 1059 3341 Geolf.
1080 3287 1146 3341 Met.
1163 3288 1237 3343 med.
1251 3282 1359 3343 tom-ill»

312 3358 825 3519 :st.t³{.·..tzt{u:tu.tzt
851 3368 1167 3529 mu...
1186 3446 1252 3502 ....
1268 3440 1356 3499 ....

310 3528 400 3581 Diosc.
413 3528 441 3581 in
462 3527 544 3581 Noth.
559 3546 585 3599 p.
604 3532 659 3591 444
675 3546 682 3579 ι
697 3532 789 3591 mse,
803 3529 826 3580 ot
867 3524 957 3577 verbis
967 3526 1057 3579 Diose.
1067 3526 1085 3578 l.
1096 3546 1119 3579 c.
1132 3526 1226 3581 litun.

310 3604 340 3659 dl
361 3606 464 3677 κάρφος,
484 3624 542 3677 qun
559 3626 610 3660 vox
625 3606 727 3677 paleam
745 3619 771 3660 et
784 3606 823 3659 fe·
911 3606 938 3657 8.
954 3604 1105 3659 Contractis.
1118 3609 1202 3668 Μύσις
1217 3600 1353 3659 moneta

309 3698 410 3740 stucsm
421 3698 505 3739 sonat.
517 3687 607 3739 Hssn.
867 3680 956 3737 aditus
967 3698 995 3739 et
1013 3684 1098 3738 osculi
1113 3685 1199 3739 veluti
1219 3674 1355 3740 counito&

352 3764 378 3819 3.
394 3766 515 3837 Quoniam
529 3765 664 3818 corniculis.
685 3763 821 3829 Quoniam
867 3764 1019 3833 praeclusio.
1037 3764 1108 3819 Dm..

310 3846 406 3918 siliqua
428 3864 488 3916 quas
513 3862 602 3899 semen
628 3843 772 3909 eontinet,
793 3843 821 3897 in
907 3862 934 3912 9.
952 3842 1077 3911 Μαι.
1090 3842 1331 3899 Diose.l.e.llno.

309 3942 407 3980 corntu
421 3925 536 3995 speciem
548 3936 586 3976 est
598 3924 699 3978 falcato.
712 3924 806 3979 Ηιιιιι.
910 3942 953 3977 ιο.
971 3922 1068 3994 Spleai,
1076 3936 1129 3977 etc.
1139 3924 1232 3979 Diose.
1242 3926 1258 3977 l.
1267 3941 1287 3975 e.
1297 3916 1322 3969 ll·

350 4013 378 4071 4.
391 4002 515 4057 Sila'ot‘om:
529 4004 653 4076 quomodo.
668 4002 822 4058 Gronov.et
909 4020 954 4057 ιι.
969 3999 1080 4073 Difficile
1090 4005 1251 4073 pariendus.
1262 4004 1349 4056 Iusttfll‘

309 4085 352 4139 Al.
367 4086 458 4139 silicam
466 4104 476 4148 ,·
491 4084 557 4159 quod
568 4084 692 4157 quomodo.
707 4084 759 4137 En.
865 4095 957 4153 partus
967 4094 1097 4154 tempore.
1112 4084 1180 4137 Du..
