2925 5009
477 473 630 541 LIBER
655 472 774 541 XXV.
1092 470 1162 544 525

88 585 193 671 tium³
216 626 292 672 sors
322 604 422 673 varia.
458 606 619 675 Praeterea
644 627 764 699 parum
794 617 845 673 est
870 603 1016 699 singulas
1046 627 1163 675 earum

88 720 202 777 etates
214 710 331 803 pingi,
347 732 451 803 quum
468 710 716 805 quadripartitis
729 708 943 779 varietatibus
954 712 1034 779 anni
1044 709 1161 781 faciens

87 826 231 883 mutent.

139 922 185 989 V.
217 920 337 1008 Quare
362 923 471 989 caeteri
500 946 652 992 sermone
678 945 735 991 eas
762 920 958 991 tradidere:
986 920 1087 1016 aliqui
1120 948 1195 995 ner

88 1024 200 1121 effigie
222 1024 363 1119 quidem
388 1025 549 1115 iudicata,
578 1044 612 1097 et
634 1028 733 1097 nudis
756 1025 953 1123 plerumque
972 1028 1164 1099 nominihus

87 1130 259 1217 defuncti,
280 1132 439 1225 quoniam
461 1136 540 1203 satis
557 1132 734 1203 videbatur
753 1147 933 1226 potestates
954 1135 1089 1228 vimque
1106 1133 1162 1204 de·

90 1252 283 1307 monstrare
300 1261 447 1330 quaerere
471 1238 669 1309 volentibus.
689 1240 763 1308 Nec
785 1253 835 1309 est
858 1237 994 1308 difficile
1012 1241 1159 1335 cognitu.

87 1343 195 1413 Nobis
217 1356 331 1425 certe,
349 1346 496 1438 exceptis
513 1344 695 1415 admodum
713 1347 847 1440 paucis,
863 1346 1003 1439 contigit
1020 1344 1162 1439 reliquas

88 1446 331 1544 contemplari¹
351 1451 486 1519 scientia
502 1453 638 1519 Antonii
649 1452 815 1536 Castoris,
826 1452 881 1520 cui
893 1475 1025 1520 summa
1039 1465 1159 1521 aucto-

92 1556 170 1625 n'tas
191 1568 270 1625 erat
288 1554 323 1622 in
343 1578 382 1623 ea
401 1570 472 1625 arte
487 1571 602 1626 nostru
620 1582 711 1644 sevo,
727 1556 865 1625 visendo
879 1556 1014 1630 hortulo
1027 1558 1115 1652 ejus,
1129 1560 1163 1626 iu

89 1684 154 1755 quo
167 1660 340 1757 plurimas
353 1660 478 1747 alebat,
492 1665 712 1732 centesimum
726 1664 831 1733 artatis
842 1686 968 1731 annum
983 1662 1162 1749 excedens,

90 1768 220 1837 nullum
245 1768 398 1861 corporis
418 1768 541 1838 malum
564 1783 738 1863 expertus,
767 1792 807 1837 ac
834 1794 879 1838 ne
906 1782 1004 1838 oetate
1029 1768 1163 1863 quidem

90 1876 255 1943 memoria
276 1886 335 1941 aut
349 1874 463 1969 vigore
478 1876 657 1944 concussis.
676 1874 794 1968 Neque
814 1873 904 1943 aliud
922 1875 1041 1943 mirata
1058 1876 1164 1969 magis

91 1981 276 2075 antiquitas
298 1980 490 2073 reperietur.
510 1982 652 2050 Inventa
672 1980 873 2077 jampridem
896 1981 983 2049 ratio
1004 1994 1054 2049 est
1075 2006 1163 2075 prae-

91 2088 250 2155 nuntians
272 2084 390 2172 horas,
406 2110 475 2155 non
492 2086 594 2156 modo
614 2086 684 2155 dies
700 2110 741 2155 ac
763 2100 894 2173 noctes,
911 2083 990 2155 solis
1011 2084 1164 2181 lunaeque

89 2190 295 2262 defectuum.
312 2192 421 2261 Durat
436 2206 547 2261 nmen
562 2191 684 2262 tradita
701 2194 871 2286 persuasio
884 2193 919 2260 in
933 2215 1054 2287 magna
1068 2207 1162 2287 parte
1181 2226 1195 2258 ι
1278 2239 1281 2244 »

92 2297 197 2394 vulgi,
215 2294 387 2367 veneficiis
404 2312 437 2367 et
454 2296 584 2368 herbis¹
606 2298 639 2368 id
653 2299 745 2393 cogi,
764 2319 904 2393 eamque
921 2322 1003 2367 num
1022 2298 1161 2367 femina-

129 2453 157 2506 3.
187 2451 420 2505 Tmssertbmtun.
455 2454 607 2525 Depingen-
650 2450 678 2504 id
692 2464 717 2504 et
729 2450 756 2503 in
767 2451 854 2523 ipsum
872 2450 951 2505 cadit.
965 2452 1042 2505 Licet
1057 2452 1164 2521 plures,

92 2534 222 2602 gentinus.
252 2530 362 2584 Scribere
376 2532 488 2586 Veteres
513 2530 607 2586 dixere
651 2518 1161 2603 et'dissitasquidem‚romaniimperii

94 2630 142 2683 pau
164 2617 280 2683 pingere.
304 2612 401 2664 Statius
420 2611 508 2664 Theb.
521 2612 606 2678 VIII,
650 2610 802 2683 provincias
819 2610 1037 2679 perlustraverit,
1060 2611 1164 2682 plantas
1277 2662 1282 2671 ,

97 2708 166 2760 ²7⁰²
186 2715 197 2735 ι
210 2690 395 2762 inscriptaque
410 2689 487 2756 dens,
503 2691 549 2763 qui
563 2710 607 2745 na-
650 2701 740 2743 tamen
749 2706 895 2761 perpaucas
906 2686 1050 2752 (centenas
1058 2692 1165 2744 circiter

95 2770 161 2841 rigat
171 2772 246 2825 aluo.
259 2796 270 2817 ι
283 2769 374 2823 llsnn.
651 2787 733 2822 novas
748 2770 864 2839 species,
880 2769 968 2822 Plinio
992 2771 1115 2842 proprias
1134 2788 1164 2823 ac

132 2851 169 2904 V.
187 2870 213 2905 r.
228 2849 309 2905 Nobis
321 2862 397 2913 certe,
409 2854 513 2920 exeeptis
525 2850 607 2903 adrao-
650 2848 797 2919 peculiares
807 2862 947 2902 enumerat
957 2848 1095 2920 Spreugel.
1110 2848 1163 2903 loc.

94 2929 149 2981 dan
156 2934 262 3001 pacis,
272 2932 375 2999 contigit
385 2930 490 3001 reliquas
503 2942 608 2983 torsten-
652 2928 721 2981 infra
738 2924 823 2992 citat.)
836 2926 1007 2982 soluuanodo
1025 2929 1165 2999 coguovit,

42 3027 46 3038 ·
94 3010 173 3075 pbri,
188 3024 241 3064 etc.
249 3010 360 3062 Veteres
371 3022 607 3075 commentatores,
651 3008 763 3061 minime
789 3026 855 3062 vero
882 3008 1005 3061 rariores.
1033 3006 1165 3061 Plurimae

96 3089 143 3141 viri
154 3090 220 3143 alias
231 3088 378 3142 doctissimi
387 3127 394 3154 ,
403 3088 450 3142 sed
463 3090 502 3142 rei
513 3089 608 3143 herha—
651 3088 793 3158 profitetur
812 3086 908 3140 herhas
919 3088 947 3139 in
961 3086 1071 3140 hortulo
1082 3087 1166 3140 Anto-

98 3168 141 3221 ri·
156 3188 215 3222 non
235 3169 299 3222 satis
318 3168 410 3240 periti,
434 3166 608 3233 Hermolaus,
652 3166 691 3219 nii
704 3165 821 3220 Castoris
834 3179 916 3219 semet
930 3156 1098 3230 observasse,
1117 3167 1165 3237 qui

97 3247 279 3319 henniueuus,
299 3248 457 3311 Salmasius,
472 3260 522 3301 etc.
544 3247 610 3301 acri·
654 3246 748 3299 tertius
773 3246 830 3298 lere
850 3256 923 3317 -post
948 3246 1166 3315 Theophrastum

98 3340 137 3381 ter
152 3328 272 3381 Plinium
290 3328 520 3399 perstrinxerunt,
535 3324 609 3398 quod
652 3338 679 3378 et
691 3323 875 3378 Mithridatem
887 3342 991 3397 regem,
1005 3324 1166 3396 peculiarem

99 3407 228 3475 penitiore
239 3407 338 3478 linquas
349 3424 440 3477 gruere
454 3406 610 3477 cognitione
654 3404 754 3475 plantis
770 3403 871 3459 alendis
883 3404 994 3457 hortum
1010 3404 1166 3458 constitnit:

98 3484 252 3552 destitutus,
268 3487 326 3540 sine
338 3485 444 3557 judicio
461 3504 491 3539 ac
505 3484 610 3539 delectu
653 3502 743 3555 neque
754 3496 842 3537 tamen
851 3484 906 3537 rari
918 3497 979 3538 sunt
989 3484 1018 3536 in
1027 3497 1080 3537 tam
1092 3496 1167 3538 vasto

100 3565 220 3639 eadmue
243 3566 397 3631 corraserit,
423 3584 483 3637 quae
507 3566 611 3619 curiosa
655 3582 738 3635 opere
751 3581 854 3617 errores
869 3563 1031 3634 gravissimi,
1049 3582 1064 3616 e
1079 3565 1169 3635 coqui·

100 3646 221 3717 acituque
244 3646 325 3718 digna
348 3646 401 3717 ipsi
420 3647 475 3697 risa
495 3646 611 3709 luerint3
656 3644 730 3697 tione
743 3643 896 3714 plantarum
906 3660 1000 3695 manca
1011 3643 1074 3696 orti.
1086 3644 1167 3697 Conl.

102 3736 127 3777 st
150 3738 270 3780 sumeres
291 3744 390 3797 grecos
412 3726 509 3795 saepius
531 3725 612 3789 falso,
657 3723 795 3794 Sprengel.
808 3722 909 3776 Histoe.
926 3722 976 3775 llei
988 3722 1093 3776 herhas.
1111 3724 1167 3786 t.I,

102 3818 145 3858 aut
156 3806 417 3877 negligenssrnttem
427 3805 613 3877 interpretatus
657 3822 684 3874 p.
697 3804 753 3873 198
765 3820 804 3874 sq.
819 3802 870 3854 En.

52 3926 55 3929 .
103 3882 144 3937 ait.
157 3884 239 3951 Quod
251 3886 322 3937 enim
336 3882 509 3956 reprehendit
521 3884 548 3937 in
561 3901 614 3936 rua·
699 3882 832 3935 s.Herb1's
852 3881 880 3933 id
897 3886 962 3951 cogi,
984 3901 1082 3954 eamque
1099 3900 1168 3945 nram,

105 3965 205 4031 juribus
215 3965 284 4030 suis,
297 3962 370 4035 quod
385 3978 463 4017 notas
474 3964 543 4035 ipsas
555 3964 626 4031 her»¹
658 3974 709 4014 etc.
724 3957 769 4015 Sic
784 3963 855 4015 enim
869 3959 1003 4014 interdum
1018 3961 1068 4014 hac
1080 3962 1169 4033 parel-

105 4042 212 4108 ltaruan,
235 4042 321 4097 veluti
345 4044 478 4115 vulgares,
499 4042 613 4097 strictim
660 4040 725 4095 etica
750 4040 881 4115 particula
903 4040 1006 4094 Plinius
1027 4040 1123 4102 utitur,
1141 4054 1171 4091 ut

106 4133 205 4177 tautum
217 4137 242 4177 et
258 4120 614 4187 nominihusindieaverint,
659 4138 738 4193 supra
758 4120 806 4175 lih.
826 4120 919 4183 xxlt,
938 4139 996 4192 cap.
1022 4122 1055 4173 sti
1073 4118 1170 4174 initio:

854 4214 859 4221 ’
972 4214 1040 4317 ³4³
