2925 5009
308 438 373 511 168
657 442 932 511 EXCURSUS
957 443 1021 511 ΙΙΙ

337 562 479 635 Respuisse
492 571 584 615 antem
596 559 630 615 de
643 561 747 615 chemin
760 562 906 615 timeam
925 561 1031 627 dicere,
1041 560 1113 615 haud
1131 563 1240 615 ternae
1249 548 1371 634 negnbit
1382 600 1395 621 ,

302 652 346 704 eni
364 651 492 705 Helenam
515 670 547 703 ex
560 667 611 703 ovo
630 649 702 703 nasci
715 688 723 714 ,
738 649 842 721 aliquid
857 650 1011 703 chemicum
1026 650 1170 705 subolehit.
1189 651 1268 703 -Non
1280 651 1367 702 enim
1380 686 1393 711 ,

232 812 235 817 Ι
302 737 393 792 scribit
413 738 530 792 Michael
542 738 672 804 Meierns,
684 736 718 791 de
731 738 846 791 Voluce.
859 739 925 791 brb.
940 756 1000 811 cap.
1014 757 1059 802 tv,
1074 744 1103 791 in
1114 758 1169 792 oro
1182 739 1309 791 homines
1323 775 1335 802 ‚
1355 750 1393 789 nt

301 828 370 901 pulli
382 826 554 893 naturaliter,
569 846 618 899 per
633 826 779 881 artificium
798 840 978 900 generantur:
991 828 1115 901 quamde
1124 827 1241 886 Helena,
1255 827 1302 879 illa
1320 844 1394 879 nam·

300 918 398 971 liernm
412 915 617 981 formosissima,
632 916 694 968 belli
704 916 831 988 Trojani‚
844 918 897 971 hoe
910 929 964 983 est,
974 917 1075 989 opificii
1086 916 1200 971 chemici
1209 934 1307 978 causa,
1323 932 1392 967 nna

303 1026 365 1059 enm
375 1006 484 1059 Polluce
496 1007 576 1059 fratre
590 1024 622 1059 ex
635 1024 690 1059 nno
704 1024 758 1059 ovo
770 1005 905 1077 prodiisse
914 1005 1042 1080 fingatur.
1055 1030 1066 1051 ι
1087 1006 1143 1071 Qui
1161 1006 1240 1058 etiam
1253 1004 1393 1067 Grecos,

303 1114 338 1149 en
351 1095 539 1167 AEgyptiornm
554 1092 692 1155 doctrina,
705 1112 761 1147 nen
780 1094 854 1147 aliud
874 1094 1048 1149 adumbrasse
1060 1094 1199 1147 contendit
1210 1094 1238 1147 in
1254 1092 1394 1147 ldercnlis

300 1182 455 1247 laboribus,
471 1182 573 1255 Ulyssis
595 1182 748 1245 ermribus‚
766 1183 872 1237 Iasonis
891 1182 1027 1255 periculis,
1040 1183 1138 1237 Thesei
1153 1182 1338 1246 facinoribus,
1361 1190 1393 1233 et

303 1270 360 1325 aliis
373 1270 506 1344 plerisque
518 1289 610 1325 eorum
622 1270 729 1324 fabulis.

338 1360 431 1432 ltaque
445 1358 562 1413 modesta
576 1358 652 1422 satis,
662 1372 745 1432 atque
759 1358 903 1413 admodum
918 1360 998 1413 simul
1009 1359 1209 1433 amplectenda,
1220 1370 1313 1412 nostra
1323 1358 1395 1410 hnc

302 1447 440 1523 apparebit
452 1448 603 1501 conclusio:
617 1447 723 1501 Poetam
738 1447 862 1502 videlieet
872 1468 924 1521 pro
933 1450 1094 1522 Egyptiaoo
1107 1447 1219 1501 Helene
1230 1445 1393 1519 pharmaco

303 1556 338 1592 ex
350 1537 453 1592 ehemia
468 1548 526 1590 arte
535 1534 677 1609 quesitum
691 1535 914 1589 medicamentum
924 1536 1036 1609 aliquod
1045 1536 1163 1590 indicare
1173 1554 1182 1589 τ
1194 1534 1268 1589 unde
1278 1536 1390 1589 iactum

303 1641 359 1691 est,
374 1639 404 1680 ut
417 1627 537 1699 plerique
551 1624 716 1681 medicorum
738 1626 804 1691 lilii,
827 1626 874 1699 qni
896 1646 954 1680 earn
974 1626 1094 1697 profiteri
1112 1626 1208 1679 merito
1223 1625 1391 1697 gloriantur,

305 1716 435 1769 nonnulla
448 1715 530 1787 hujus
540 1715 662 1787 generis,
676 1727 703 1768 et
716 1726 841 1786 tanquam
857 1714 886 1769 in
898 1716 969 1769 hano
984 1714 1138 1769 sententiam
1151 1725 1259 1777 euntes,
1270 1716 1325 1767 suh
1338 1731 1390 1766 ne-

304 1805 422 1876 penthns
435 1804 544 1857 nomine
558 1801 663 1857 tradere
676 1803 765 1856 conati
776 1804 846 1856 siut:
868 1804 940 1856 inter
951 1802 1009 1874 ipse
1022 1815 1111 1855 autem
1123 1801 1327 1856 medicamenta
1337 1842 1347 1864 .
1359 1814 1389 1855 et

305 1912 364 1964 quau
378 1912 409 1945 es
424 1891 554 1946 dictarum
573 1891 741 1963 aliarumque
754 1891 907 1963 plantarum
921 1892 1073 1945 substantiis
1090 1892 1149 1944 erni
1164 1904 1294 1963 possunt,
1314 1889 1387 1943 nihil

306 2000 375 2035 auro
387 1993 511 2053 prestare
524 1978 656 2034 existimo.
675 1980 823 2033 Contnsnm
838 1980 910 2033 enirn
927 1994 953 2033 et
965 1980 992 2032 in
1008 1980 1078 2033 loliis
1098 1978 1241 2034 redactum
1259 1980 1294 2032 ad
1312 1980 1387 2032 vires

305 2068 393 2123 cordis
407 2066 571 2139 reparandas
585 2068 723 2139 vulgatura
743 2066 901 2121 remedium.
913 2067 994 2133 Quod
1008 2080 1096 2122 autern
1109 2069 1259 2138 optimum,
1271 2069 1293 2121 si
1305 2069 1387 2121 ahso-

306 2160 362 2213 lute
381 2156 498 2229 potabile
512 2154 692 2209 chemicorum
707 2155 841 2210 industria
859 2156 1011 2219 efficiatur,
1030 2172 1060 2209 ut
1076 2156 1242 2228 experientia
1254 2158 1320 2210 viris
1335 2154 1386 2208 do·

307 2245 431 2299 ctissimis
443 2246 625 2300 observatam.
636 2244 695 2297 Hoc
707 2243 787 2297 etiam
795 2245 831 2297 ab
839 2245 948 2315 regibus
957 2245 1060 2317 parari,
1073 2245 1236 2311 ministrari,
1246 2246 1284 2298 ob
1293 2262 1387 2299 sunm·

307 2352 361 2405 qne
375 2333 493 2405 pretium
504 2333 592 2406 regale
604 2333 676 2387 ellici
694 2331 810 2400 donum,
829 2344 856 2386 et
875 2334 967 2386 omnia
979 2352 1039 2387 cnm
1054 2333 1203 2386 ilomerieis
1216 2334 1306 2388 verbis
1320 2352 1386 2388 oon-

234 2420 238 2428 '
308 2441 424 2495 grume,
446 2422 524 2476 facile
547 2420 761 2475 eoncedendum.
782 2421 839 2474 Nec
859 2440 942 2494 opus,
965 2420 1134 2475 exhilarandi
1157 2438 1247 2475 auree
1268 2420 1386 2495 potionis

308 2510 433 2564 eximiam
448 2510 602 2565 facultatem
616 2508 642 2561 iu
656 2507 770 2563 dubium
784 2528 928 2573 meamne,
941 2522 1021 2582 atque
1033 2507 1067 2563 ad
1080 2508 1179 2563 hornnr
1194 2510 1320 2562 omnium
1331 2509 1385 2562 siu·

309 2598 427 2671 gularem
437 2598 621 2669 probationem
636 2595 808 2651 descendere.

344 2687 428 2759 Exegi
440 2704 499 2758 quse
512 2684 547 2739 ad
563 2686 714 2759 nepenthns
727 2684 864 2739 historiam
876 2686 1011 2757 pertinere
1019 2684 1184 2739 ridebantur.
1195 2686 1340 2757 Reliquum
1348 2696 1386 2737 est

309 2787 341 2828 ut
353 2774 422 2828 hane
444 2786 546 2847 partem
565 2772 690 2846 allegoria
707 2771 849 2843 compleat.
870 2773 1071 2845 Materiemque
1092 2773 1189 2826 nobilis
1206 2791 1239 2826 ae
1250 2772 1384 2846 jucunda.

311 2876 384 2917 certe
397 2862 432 2916 ad
445 2862 554 2915 Homeri
566 2862 727 2934 propositam
738 2860 940 2933 intelligentiam
950 2860 1155 2933 pernecessaria.
1163 2861 1308 2934 Quidquid
1317 2862 1386 2915 enim

309 2952 337 3006 iu
350 2970 382 3005 eo
396 2952 540 3004 maximum
553 2961 579 3004 et
592 2949 768 3003 admiratione
781 2947 911 3021 dignum,
930 2948 957 3002 id
970 2968 1025 3002 non
1037 2950 1066 3001 in
1085 2950 1232 3004 verborum
1248 2949 1350 3003 ourdce
1359 2960 1386 3000 et

308 3039 491 3095 narrationum
511 3038 644 3109 tigmentis
658 3038 775 3110 (quibus
792 3050 881 3091 tomen
897 3056 947 3091 sua
967 3038 1064 3105 larse),
1081 3037 1129 3091 sed
1150 3039 1180 3090 in
1193 3039 1383 3091 sententiarum

311 3145 416 3183 recessu
437 3127 644 3200 fabularumque
665 3124 840 3177 allusionibus
864 3124 976 3178 laterea
999 3125 1142 3177 Veteribus
1152 3137 1321 3196 compertum
1339 3136 1383 3177 est.

310 3214 483 3289 Metrodorus
495 3214 707 3284 Lampsacenus,
724 3211 826 3282 dequo
844 3212 979 3283 Diogenen
991 3210 1020 3264 in
1034 3212 1203 3283 Anaxagora,
1223 3212 1384 3265 etTatianns

311 3306 340 3357 in
358 3302 434 3357 Orat.
450 3315 545 3356 contra
559 3301 681 3363 Grecos,
696 3298 856 3364 meminere;
869 3310 955 3351 totum
969 3298 1080 3352 Homeri
1093 3317 1189 3371 poema
1202 3297 1239 3351 ad
1250 3300 1385 3371 allegorias

312 3390 543 3461 traxit:idemqne
560 3386 712 3441 Heracliden
731 3387 881 3452 Ponticus,
902 3388 1032 3455 Procius,
1050 3400 1077 3441 et
1099 3388 1270 3453 Eustathins,
1289 3388 1384 3460 aliique

313 3478 505 3553 quamplurimi
528 3488 592 3530 saut
606 3476 709 3529 imitati.
722 3475 835 3540 Strabo,
856 3475 980 3548 copiosos
996 3488 1023 3529 et
1036 3475 1143 3547 elegans
1156 3488 1269 3541 auctor,
1285 3475 1321 3529 de
1331 3474 1384 3527 tta-

313 3569 380 3623 meri
400 3568 497 3621 lsbulis
516 3564 642 3619 adversus
655 3564 857 3618 Eratosthenem
871 3564 899 3616 id
919 3565 1055 3618 convincit
1067 3564 1166 3637 Geogr.
1182 3565 1229 3618 lib.
1242 3566 1273 3628 1,
1286 3576 1314 3619 et
1325 3582 1385 3637 pra·

314 3655 483 3711 dentissimus
496 3654 610 3725 scriptor
624 3651 797 3717 Plutarchus,
807 3650 842 3705 de
853 3652 917 3705 aad.
932 3653 1006 3706 Poet.
1025 3653 1099 3725 Παρὰ
1112 3652 1143 3705 tt
1157 3644 1267 3725 ὁμήρφ,
1280 3653 1383 3724 inquit,

316 3748 474 3819 σιωπώμενόν
490 3748 544 3798 lori
554 3749 583 3798 rb
596 3748 703 3798 τοιοῦτον
717 3745 785 3815 γένος
794 3749 839 3805 τῆς
848 3738 1033 3805 διδασκαλίας·
1045 3745 1095 3812 ἔχει
1107 3739 1139 3796 dl
1150 3744 1315 3815 drwsdpneu
1326 3744 1382 3812 tet-

311 3845 380 3908 λιμον
400 3834 440 3889 ἐπὶ
455 3842 502 3887 τῶν
518 3829 719 3903 diuisitnps'unr
739 3832 849 3904 pitture
864 3833 962 3904 piton·
978 3832 1175 3894 alteritatibus
1189 3833 1232 3902 pir
1243 3833 1382 3896 ὑπονοίαις,

314 3924 466 3994 ὀλληγορὶαις
477 3917 507 3974 di
519 3927 558 3975 νῦν
573 3922 725 3991 λεγομέναις.
740 3916 838 3989 «Apud
847 3916 995 3971 Homerum
1005 3914 1033 3968 id
1048 3928 1155 3969 mutum
1164 3914 1297 3969 doctrine
1306 3936 1382 3989 genna

312 4021 412 4075 exstet,
427 4007 666 4062 considerationem
680 4008 782 4061 hahens
794 4006 885 4060 utilem
899 4005 932 4059 iis
949 4005 977 4059 in
990 4005 1088 4058 tabulis
1108 4004 1189 4058 etiam
1202 4023 1262 4077 quse
1275 4008 1381 4059 manime

312 4098 507 4170 vituperantur,
514 4114 574 4169 que
582 4114 654 4150 nune
661 4095 799 4167 allegorias
806 4106 910 4161 vocant,
917 4094 1018 4167 antiqui
1026 4093 1175 4167 bypennes
1185 4092 1378 4148 nominabant·
