2925 5009
354 430 430 517 304
633 434 673 501 c.
699 428 868 499 rnrrttt
895 428 999 497 retr.
1026 429 1160 498 utsr.

358 583 392 637 et
409 589 544 661 sopores
560 590 630 635 non
648 563 731 633 alius
744 564 849 659 magis
862 586 980 631 succus
994 561 1207 633 commendat
1218 577 1273 634 aut
1286 566 1405 637 excitet

358 676 393 742 in
412 698 479 767 quo
500 696 562 742 usu
582 671 756 767 mitigatur
773 688 849 740 usto
870 691 971 765 pane,
985 683 1045 737 aut
1062 695 1141 739 cum
1154 670 1284 739 vino¹²:
1301 670 1353 741 vel
1371 694 1405 746 ee

359 778 513 849 cenditur
532 780 649 875 pipere
669 802 709 847 ac
726 776 856 847 lasere:
878 776 993 869 utique
1009 775 1078 845 sole
1094 778 1324 871 compescitur.
1348 780 1406 849 Not

360 901 410 955 est
430 884 698 981 pretereundum
718 884 752 952 in
773 908 814 951 eo
835 880 1023 977 exemplum
1045 884 1170 978 ingens.
1193 882 1355 977 Siquidem
1370 884 1406 953 ll

360 976 535 1087 Agrippu²³
547 992 711 1085 supremis
724 991 791 1059 suis
805 989 900 1057 annis
909 987 1118 1057 conflictatus
1131 990 1224 1083 gravi
1237 990 1353 1059 morbo
1363 1014 1406 1084 pu

362 1098 567 1193 dum,quum
585 1096 734 1167 dolorem
756 1118 832 1163 eum
849 1096 979 1190 perpeti
992 1096 1159 1189 nequiret,
1175 1096 1273 1163 uubis
1288 1094 1406 1165 medice

365 1230 439 1274 rum
462 1216 657 1299 portentoso
678 1203 831 1286 seientia,
850 1202 1025 1297 ignorante
1042 1203 1133 1271 Divo
1150 1204 1320 1295 Augusto,
1346 1212 1406 1273 tout

363 1312 494 1406 putavit
515 1334 579 1379 usu
602 1307 725 1403 pedum
752 1330 916 1403 sensuque
937 1308 1028 1375 omui
1046 1332 1177 1394 carere,
1198 1306 1407 1381 dummodot

362 1415 479 1487 dolore
491 1414 547 1485 illo
564 1429 710 1499 careret,
723 1413 883 1484 demersis
900 1413 935 1480 in
950 1426 1080 1483 acetum
1093 1413 1237 1485 calidum
1245 1402 1270 1447 ²⁴
1283 1413 1407 1485 crurib!

364 1525 398 1592 in
418 1523 581 1593 acerrimo
601 1523 730 1615 impetu
755 1519 874 1589 morbi.

332 1667 344 1702 t
417 1630 581 1697 xxvtlt.
606 1616 689 1719 (ιι.)
721 1630 861 1696 Acetum
886 1627 1052 1699 scillinum
1084 1628 1304 1697 inveteratum
1329 1622 1407 1719 megi

365 1734 539 1831 probatur.
566 1732 722 1819 Prodest,
743 1756 843 1828 super
860 1758 899 1803 ea
921 1760 995 1829 quae
1016 1734 1158 1805 diximus
1166 1732 1189 1819 ¹,
1211 1730 1407 1815 armoentihu,

365 1838 467 1912 cibis’
482 1866 491 1906 ε
507 1841 785 1937 gustetumenim
810 1838 946 1911 discutit
970 1864 1103 1939 poenam
1126 1863 1213 1909 eum.
1242 1841 1286 1908 Et
1307 1838 1407 1931 bisqu'

362 1932 485 2044 jejuni³
501 1960 663 2015 vomunt:
678 1932 818 2015 callum⁴
835 1949 923 2017 enim
937 1947 1083 2019 faucium
1096 1945 1193 2031 facit,
1204 1969 1246 2015 ac
1262 1942 1408 2015 stomachi:

367 2056 505 2125 odorem
529 2054 599 2122 oris
623 2037 741 2139 tollit⁵,
761 2053 913 2146 gingivas
938 2037 1147 2150 adstringit⁶‚
1170 2052 1286 2123 dentes
1307 2050 1408 2135 firmet,

367 2234 475 2297 iietilie,
486 2252 532 2299 ue,
544 2232 661 2299 emm,
671 2232 882 2305 plumbumque,
966 2254 991 2289 s.
1007 2236 1179 2291 Ammutn
1196 2234 1266 2289 ethis.
1281 2226 1408 2287 Veniat

367 2312 495 2388 penedet
511 2330 543 2369 ec
556 2326 687 2386 penetret.
706 2314 746 2365 Ao
760 2330 795 2365 ne
808 2326 880 2367 rete·
926 2314 1030 2369 scidam
1059 2316 1186 2386 pituitum
1209 2314 1240 2368 in
1268 2314 1350 2369 funem
1366 2324 1408 2363 tt*

368 2396 443 2449 ribot
475 2405 578 2448 tentum
602 2392 735 2464 exemplis
761 2410 883 2463 egemus,
925 2406 1022 2449 mente.
1032 2394 1123 2449 Horu.

367 2477 419 2530 bec
427 2471 623 2545 ipseindnstris
635 2490 711 2525 usum
724 2472 778 2525 boc
786 2484 882 2525 nostro
969 2476 996 2529 3.
1011 2476 1037 2529 E
1038 2486 1048 2525 t
1057 2475 1094 2527 Ιώ
1103 2477 1146 2547 qei
1149 2476 1246 2547 jejtuei,
1260 2487 1309 2529 ete
1317 2471 1409 2525 meo·

368 2572 425 2609 uro
434 2553 582 2626 principem
593 2551 726 2617 Guieium,
735 2562 765 2605 nt
775 2570 882 2605 murum
926 2552 1018 2621 lib-V,
1029 2572 1086 2625 cup.
1099 2556 1146 2609 εὖ.
1159 2553 1251 2609 Hero.

368 2635 498 2698 solveret,
511 2644 604 2687 eonor
622 2632 681 2702 ipee
697 2643 738 2685 est
753 2632 782 2685 in
800 2632 883 2687 Com·
971 2642 998 2698 4.
1016 2632 1124 2689 cettan.
1144 2631 1295 2687 Dioscorid.
1315 2632 1360 2685 loc.
1377 2624 1409 2681 ὰ

369 2713 505 2769 menturiie
518 2729 611 2766 rerum
626 2730 643 2764 ι
661 2729 690 2765 ee
703 2723 837 2783 gesturum
853 2713 882 2765 in
926 2714 1163 2786 Kerulpeqedpreot
1181 2709 1213 2767 dl
1225 2715 1266 2767 ebs
1284 2710 1372 2783 bpintt
1382 2722 1409 2765 tt·

369 2793 543 2865 Neepolitene
556 2787 734 2862 expeditione.
749 2791 842 2845 Hero.
926 2795 990 2863 psci,
999 2794 1042 2847 eui
1055 2788 1155 2849 mets
1170 2796 1251 2859 uersi,
1266 2792 1307 2845 ul
1321 2792 1357 2841 ets
1367 2780 1409 2853 iz!

410 2893 455 2927 ee.
468 2872 530 2926 [Isto
540 2890 614 2941 paee,
625 2882 669 2923 aet
681 2889 736 2922 em
748 2874 817 2925 cieo.
832 2870 881 2925 Gr.
926 2872 1032 2939 demo,
1040 2872 1082 2927 net
1091 2864 1409 2944 terremtatem-1²·-

370 2966 397 3007 et
411 2954 453 3005 Al.
468 2952 733 3021 toetcpaueouteieo.
746 2952 797 3003 En.
927 2970 971 3005 eeu
994 2952 1140 3007 sorbitione
1164 2950 1257 3019 duret,
1281 2950 1409 3015 allow

412 3034 458 3086 23.
472 3030 595 3104 Siquidem
615 3029 653 3084 Μ.
675 3030 807 3101 Agrippa,
830 3042 882 3085 etc.
926 3029 1032 3096 reddit,
1047 3050 1139 3085 rocem
1154 3030 1272 3105 deniqne
1284 3024 1409 3101 expellis&

370 3110 445 3165 ldem
459 3112 515 3165 lere
527 3108 563 3162 de
575 3108 669 3163 Servio
685 3107 783 3163 Clodio
797 3128 885 3165 ntrru·
927 3110 1067 3183 limpidem
1077 3129 1261 3184 cruoremque
1272 3110 1337 3166 fucit.
1349 3131 1358 3153 ι
1370 3100 1395 3155 Ε

371 3206 427 3255 tur,
437 3190 485 3243 lib.
500 3189 588 3254 XXV,
597 3207 656 3259 esp.
670 3189 696 3241 ³.
714 3190 784 3244 Dur..
970 3194 997 3245 ⁵.
1014 3192 1120 3244 odom
1130 3194 1179 3244 cris
1193 3193 1267 3245 tollit.
1280 3192 1358 3244 Dicto
1370 3182 1406 3235 1⁰²

414 3276 459 3335 ²4·
476 3270 597 3322 Demersit
618 3272 646 3320 iu
665 3282 759 3323 acetum
778 3270 884 3322 eeliduue
927 3270 972 3325 oit.
984 3270 1053 3325 Ptin.
1064 3272 1124 3325 vet.
1139 3272 1196 3334 111,
1212 3270 1268 3324 33:
1291 3262 1409 3321 «tdtete

371 3350 487 3403 erwibus.
506 3350 539 3401 In
558 3366 593 3401 eo
615 3366 713 3419 genere
730 3348 819 3405 morbi
838 3347 884 3403 de·
928 3368 985 3405 rem
998 3351 1067 3405 oris:
1082 3352 1111 3405 si
1126 3351 1226 3405 halitus
1242 3340 1409 3415 [aerummis

370 3430 454 3501 mergi
464 3429 494 3483 in
510 3428 624 3481 muriam
640 3427 734 3483 Celeus
748 3428 884 3500 precipit,
929 3448 1014 3501 quum
1034 3428 1183 3485 dormitum
1207 3431 1296 3497 vedis,
1312 3422 1409 3501 quum

372 3510 423 3575 IV,
438 3516 491 3573 st,
505 3520 536 3562 ut
551 3506 653 3563 dicturi
669 3527 762 3562 snmus
777 3508 885 3574 xm,
927 3511 995 3565 teeti
1005 3510 1071 3564 boni
1083 3526 1132 3581 per
1147 3523 1237 3583 portes
1250 3510 1360 3566 sorbers:
1371 3500 1409 3553 bor

374 3589 428 3643 332
443 3614 454 3637 ι
470 3588 498 3642 si
508 3600 608 3653 tumor,
620 3586 746 3660 celorque
756 3599 804 3652 est,
814 3600 885 3641 recte
929 3602 955 3643 et
966 3588 994 3643 in
1004 3590 1153 3643 coctionem
1164 3588 1250 3657 cedit,
1261 3604 1328 3645 ete·
1340 3588 1407 3641 mm

372 3668 400 3722 in
410 3686 481 3740 eque
490 3686 570 3739 qoem
582 3664 750 3739 frigidissime
761 3667 887 3722 erticoloe
970 3672 998 3723 6.
1010 3668 1130 3739 Gingivos
1141 3670 1282 3743 adstringit.
1290 3664 1408 3723 otuelus

372 3748 521 3812 contineri;
539 3772 551 3793 ·
570 3745 642 3801 idem
656 3746 776 3819 edjnugit
791 3765 798 3800 t
816 3744 886 3801 «sed
930 3748 975 3803 cit.
996 3750 1079 3803 Mero.
1098 3751 1178 3821 Emp.
1192 3770 1217 3805 c.
1235 3770 1292 3816 xrr,
1306 3767 1356 3821 pte·
1367 3738 1406 3812 93²

372 3845 462 3898 neque
481 3824 617 3896 quotidie,
643 3844 733 3900 neqne
758 3826 806 3881 dio
815 3868 823 3893 ,
852 3845 887 3881 ne
931 3850 943 3873 ι
956 3828 1072 3883 Acetum
1097 3830 1217 3903 tepidum
1239 3818 1407 3885 scillitieun'!

371 3904 598 3960 nerviledentnr.
610 3932 622 3954 ·
634 3906 728 3961 Hero.
930 3925 977 3961 ore
997 3920 1116 3977 tentum,
1130 3923 1157 3965 et
1173 3910 1291 3984 gingius
1308 3910 1407 3963 tutus!m

414 3986 543 4039 xxvttt.
564 4003 588 4039 t.
603 3986 725 4040 Dier'mus.
745 3986 807 4039 Lib.
825 3987 887 4053 XX,
931 3988 1103 4060 constringit,
1113 4000 1141 4042 et
1154 3992 1276 4047 continet
1288 3987 1406 4043 doten-

373 4084 432 4138 erp.
447 4065 596 4136 39.11suu.
930 4066 1080 4123 cillanem·
1096 4066 1187 4124 litum
