2925 5009
358 459 421 532 ιφ
621 440 661 505 c.
689 434 855 505 uranu
883 437 986 507 rta'r.
1013 440 1144 509 u1s'r.

351 571 628 665 pterygiis.Sanat
641 584 675 639 et
684 571 803 641 vesicae
821 570 965 641 scabiem
982 569 1017 659 ¹⁰,
1037 598 1153 641 renum
1172 571 1322 661 dolores,
1339 598 1408 644 con·

351 677 532 771 (lymmata,
549 675 685 745 hulcera
707 675 908 772 genitalium.
929 679 1060 749 Dedere
1081 702 1155 749 earn
1171 679 1308 774 quidam
1328 682 1409 775 potui

352 788 385 851 in
403 785 589 879 quartanis,
612 782 848 852 drachmarum
874 784 1014 855 duarum
1039 786 1205 881 pondere,
1226 801 1262 857 et
1284 790 1407 883 pipere,

353 892 485 967 hemina
497 914 600 985 aquae.
613 890 898 960 Commanducata
912 894 1104 987 sanguinem
1121 918 1163 963 ex
1173 891 1314 965 vulnere
1327 896 1409 963 sistit

352 999 437 1067 Sunt
449 1011 484 1067 et
497 999 553 1091 qui
568 995 714 1066 calculos
728 1018 768 1065 ea
789 996 895 1092 pelli¹¹
914 998 1130 1069 tradiderunt.

320 1135 332 1169 1
405 1106 484 1173 x11.
506 1094 571 1196 (x.)
585 1102 712 1173 Tribuli
732 1128 835 1173 unum
858 1104 980 1199 genus¹
1006 1108 1038 1175 in
1063 1105 1169 1175 hortis
1193 1108 1352 1189 nascitur,
1374 1102 1411 1173 al·

352 1224 459 1279 terum
475 1212 509 1279 in
524 1209 715 1279 fluminibus
735 1224 876 1280 tantum.
898 1210 1043 1282 Succus¹
1062 1236 1104 1281 ex
1124 1211 1175 1281 bis
1193 1211 1358 1308 colligitur
1376 1210 1412 1279 ad

351 1316 526 1387 oculorum
552 1317 741 1386 medicinas.
765 1320 826 1385 Est
858 1318 945 1387 enim
974 1318 1197 1415 refrigerantis
1221 1334 1363 1406 naturae,
1383 1330 1412 1387 et

352 1423 428 1493 ideo
448 1422 538 1494 utilis
551 1438 667 1494 contra
682 1424 958 1495 inflammationes
972 1423 1259 1519 collectionesque.
1278 1423 1410 1495 Huloeaa

352 1555 413 1626 per
426 1554 461 1599 se
475 1531 704 1625 erumpentia,
718 1545 753 1598 et
768 1533 933 1627 precipue
954 1534 988 1601 in
1007 1556 1082 1618 ore,
1098 1558 1175 1603 cum
1194 1531 1294 1602 melle
1313 1544 1409 1603 saun:

351 1640 431 1707 item
459 1635 616 1707 tonsillas.
656 1639 759 1706 Potus
783 1635 927 1707 calculos
954 1637 1086 1735 frangit.
1109 1638 1280 1727 Threces,
1304 1642 1358 1734 qui
1377 1636 1411 1705 ad

350 1746 526 1839 Strymona
542 1742 715 1826 habitant,
735 1741 820 1813 foliis
840 1744 952 1815 tribuli
971 1770 1074 1841 equos
1091 1746 1267 1841 saginant:
1286 1746 1347 1841 ipsi
1360 1768 1410 1813 uu·

352 1849 423 1921 cleo
435 1852 571 1937 vivunt,
583 1874 702 1944 panem
719 1848 877 1921 facientes
893 1849 1113 1947 praedulcem,
1129 1853 1232 1946 etqui
1249 1850 1412 1922 contralut

352 1972 513 2027 ventrem.
530 1955 637 2025 Radix
654 1971 744 2027 caste
765 1982 914 2053 pureque
936 1957 1089 2043 collecta,
1112 1958 1251 2028 discutit
1269 1975 1410 2029 strumas.

351 2066 472 2134 Semen
488 2061 717 2158 adalligatum,
736 2066 885 2135 varicum
904 2064 1036 2135 dolores
1051 2064 1145 2136 sedat
1160 2093 1168 2133 :
1189 2051 1327 2136 tritum³
1343 2086 1411 2133 vero

354 2185 387 2241 et
409 2174 443 2240 in
461 2194 580 2265 aquam
600 2194 775 2264 sparsum,
796 2170 922 2266 pulices
945 2186 1051 2242 necat.

320 2310 331 2343 1
404 2278 501 2347 XIII.
516 2266 594 2365 (xi.)
607 2275 743 2362 Stoebe¹,
756 2302 855 2371 quam
874 2277 974 2373 aliqui
989 2276 1111 2374 phleou
1131 2292 1271 2364 vocant,
1286 2278 1409 2348 decocta

351 2503 669 2580 terpuugeudumputent
678 2524 702 2558 :-
711 2504 866 2558 hulceribus
909 2506 953 2561 Sic
966 2506 1047 2560 etiam
1058 2506 1147 2560 Diosc.
1157 2506 1208 2572 IV,
1222 2513 1259 2571 14
1269 2546 1277 2572 ,
1291 2504 1337 2559 ubi
1348 2504 1409 2558 sin·

351 2587 406 2641 oris
418 2606 425 2639 a
438 2587 555 2657 inspersa
570 2602 656 2657 saepe,
668 2598 695 2639 et
707 2586 861 2656 pterygiis·
909 2606 989 2641 ceuus
1002 2584 1182 2640 consulendus
1198 2587 1225 2638 in
1240 2586 1321 2639 uotis.
1333 2582 1408 2635 flam.

350 2664 430 2734 Quod
450 2664 606 2719 hulceribus
622 2665 675 2718 oris
691 2665 806 2737 inspergi
821 2665 865 2718 rix
909 2667 1061 2729 -Unuus,
1074 2666 1188 2719 Tribulus
1198 2670 1330 2732 terrestris,
1341 2684 1361 2717 s.
1371 2661 1410 2714 ἢ·

350 2747 441 2821 possit.
461 2744 495 2799 Et
516 2744 685 2813 veroDiosc.
706 2745 758 2799 loc.
778 2746 822 2799 cit.
842 2736 865 2798 Η
907 2746 1222 2817 gonisrretirsralterum,
1234 2748 1408 2817 Trapsnstsss.

350 2824 381 2882 dl
392 2828 446 2899 ῥίζα
461 2824 532 2896 ξηρὰ,
545 2824 643 2896 inquit,
656 2822 864 2896 λειοτριΰηθιῖαα,
909 2826 988 2883 Conl'.
1004 2827 1052 2879 lib.
1065 2844 1153 2898 super.
1169 2844 1226 2897 rap.
1245 2828 1293 2882 58.
1306 2826 1354 2879 En.
1402 2856 1405 2867 ·

350 2906 486 2979 πτερυγίοις
495 2906 643 2968 sevissem
653 2909 702 2966 less
715 2900 864 2967 ἐπιτήδειος.
953 2926 977 2959 a.
996 2905 1095 2959 Saccus.
1109 2904 1251 2959 Medicinn
1266 2906 1308 2960 bae
1317 2918 1407 2963 omne,

355 3016 366 3036 ι
379 2985 465 3041 Arida
484 2996 574 3038 autem
596 2985 671 3039 radix
688 2984 722 3039 sd
742 2986 865 3039 levorem
909 2985 992 3040 ad‘es
1009 2988 1105 3053 verbs,
1120 2987 1192 3038 radix
1207 2999 1287 3053 caste,
1304 2998 1350 3038 etc.
1367 2992 1409 3035 tot·

350 3066 459 3131 detrita,
470 3064 599 3136 pterygiis
611 3063 755 3120 commode
763 3066 866 3138 insper·
910 3064 982 3119 idem
998 3060 1086 3120 verbis
1101 3078 1203 3119 exstant
1216 3065 1291 3137 apud
1306 3065 1410 3117 Dioscor·

301 3190 321 3217 ,
351 3148 425 3221 gitur
448 3172 460 3193 ι
476 3146 566 3197 Hsnn.
911 3147 928 3199 l.
956 3164 979 3201 c.
999 3146 1087 3200 Habet
1103 3146 1246 3199 nonnullas
1273 3145 1363 3200 Galen.
1382 3137 1409 3191 de

395 3245 440 3281 ro.
471 3222 551 3278 &aas
579 3238 604 3277 st
636 3229 723 3278 aesica
753 3225 864 3277 scabiem.
909 3225 972 3280 Fac.
985 3224 1073 3295 simpl.
1087 3223 1158 3281 med.
1174 3226 1255 3290 VIII,
1268 3246 1296 3298 p.
1313 3218 1408 3278 stab

351 3305 466 3361 Dioscl.
478 3322 501 3358 c.
514 3315 541 3356 et
552 3302 644 3358 Galen.
657 3304 761 3358 deFac.
774 3303 864 3377 simpl.
952 3307 978 3360 3.
1002 3306 1106 3360 Tritum.
1130 3304 1188 3359 Hoc
1212 3307 1314 3377 psriter
1334 3302 1408 3357 Diosc.

352 3385 424 3440 med.
436 3386 491 3449 vt,
504 3402 531 3455 p.
548 3390 612 3456 167.
626 3385 730 3439 Vesica
741 3384 866 3449 scabiem,
910 3385 991 3440 tradit
1002 3386 1021 3439 l.
1036 3404 1058 3438 c.
1072 3386 1165 3439 Iliun.

352 3485 397 3520 seu
412 3464 563 3520 scabritiem
576 3464 690 3529 dixeris,
705 3463 772 3516 nihil
784 3464 865 3516 inter·
950 3465 1027 3519 XIII.
1050 3484 1074 3519 t.
1091 3465 1183 3531 Stoebe,
1197 3476 1249 3518 etc·
1262 3466 1295 3517 In
1307 3458 1377 3515 MSS.
1386 3468 1409 3508 ¹²¹

352 3560 400 3599 est.
418 3548 507 3599 Diosc.
525 3546 585 3613 spic
613 3544 742 3615 ψωριάαιις
759 3544 866 3605 αὑατιως
909 3546 962 3617 jam
980 3546 1247 3615 monuimus,plrsoss.
1263 3545 1360 3597 Tamen
1371 3534 1408 3589 TI·

352 3624 432 3687 dixit,
447 3626 565 3680 Galenus
578 3626 736 3696 τραχύτητας
747 3624 770 3675 ἐν
785 3622 868 3693 pupei-
910 3625 1001 3679 berius
1017 3622 1225 3689 mulomedico,
1240 3625 1265 3689 1,
1278 3622 1313 3677 55
1330 3639 1337 3673 ε
1353 3614 1409 3673 aad

353 3702 392 3760 du
405 3708 481 3767 αύςιι.
496 3707 589 3761 nisa.
912 3702 959 3761 Ga·
973 3705 1010 3766 tet
1023 3700 1052 3758 tt
1064 3706 1150 3776 pilae.
1163 3704 1231 3769 Qure
1244 3701 1279 3756 de
1289 3701 1365 3757 stobe
1373 3695 1409 3750 bic

397 3804 441 3839 ιι.
462 3785 525 3841 Sunt
542 3802 566 3840 se
583 3788 626 3858 qui
642 3782 748 3836 calculos
766 3802 795 3834 es
808 3782 870 3853 pelli
911 3784 1075 3848 referuntur,
1099 3782 1211 3838 totidem
1238 3782 1328 3835 verbis
1353 3780 1409 3848 lew

353 3866 513 3920 tradiderunt.
530 3869 643 3922 Urinam
666 3876 737 3916 certe
754 3862 867 3915 efficaci·
912 3863 985 3935 apud
1000 3865 1130 3919 Galenum
1146 3864 1165 3916 l.
1178 3882 1202 3916 c.
1215 3882 1244 3935 p.
1257 3864 1318 3917 230.
1335 3854 1408 3911 1not·

352 3958 392 3997 ter
411 3964 571 4015 promovere
590 3945 627 3998 ait
651 3942 772 3995 Marcell.
786 3942 865 4015 Emp.
910 3944 997 3998 licinis
1012 3963 1109 3999 nomen
1126 3958 1179 4003 est,
1203 3956 1233 3997 ut
1248 3938 1366 4013 plurimis
1378 3932 1408 3985 tl·

352 4026 695 4099 c.xxv1,p.180.}tann.
911 4022 999 4089 detur,
1022 4024 1140 4077 scabiosa.
1170 4025 1278 4076 lennem
1309 4014 1408 4089 vulgarit

392 4105 453 4158 XII.
471 4124 495 4161 t.
516 4108 614 4160 Tribnls'
627 4122 699 4157 mum
710 4122 796 4172 genus,
816 4118 866 4157 etc.
910 4106 1017 4177 majoris
1039 4104 1111 4177 apud
1132 4102 1300 4157 uodonem
1318 4096 1372 4151 vide
1384 4112 1406 4165 p·
