2925 5009
417 454 576 524 araus
606 455 761 523 xxrn.
823 472 827 483 ·
1046 452 1120 551 3¹7

72 589 192 659 inrino
209 585 538 671 inflammationibus,
556 608 633 654 cum
654 584 788 680 polenta
810 598 843 654 ct
865 608 986 655 croco:
1005 612 1065 681 per
1088 614 1123 658 se

72 710 172 764 autem
190 694 298 765 triduo
312 692 465 789 imposita
488 690 604 761 facicm
625 704 781 787 purgant.

116 802 222 871 xm.
246 798 382 871 Oleum¹
403 796 650 892 amygdalinum
667 810 805 892 purgat,
830 793 936 864 mollit
956 822 1122 893 corpora,
1143 828 1153 861 t

71 920 169 991 mrtem
194 904 342 1002 erugat²,
369 907 513 975 nitorem
535 903 762 987 commendat,
795 926 893 971 varos
921 926 998 971 cum
1026 904 1123 975 melle¹

72 999 164 1082 tollit³
181 1037 201 1081 e
219 1013 310 1083 facie.
324 1011 465 1080 Prodest
480 1024 515 1077 et
532 1009 686 1095 auribus,
706 1034 783 1079 cum
801 1032 938 1077 rosaceo
955 1024 988 1079 et
1008 1010 1123 1099 melle,

71 1131 100 1185 ct
116 1116 191 1185 mali
212 1120 323 1213 punici
340 1118 490 1211 germine
511 1113 705 1198 decoctum,
726 1112 993 1209 vermiculosque
1016 1120 1050 1186 in
1070 1119 1123 1189 his

72 1238 174 1312 uocat,
192 1239 227 1293 ct
248 1227 443 1319 gravitatem
467 1208 621 1289 auditus⁴
638 1221 789 1307 discutit,
809 1244 908 1289 sonos
929 1222 1072 1293 incertos
1090 1240 1123 1295 et

70 1330 213 1414 tinnitus,
234 1330 343 1399 obiter
358 1313 494 1423 capitis⁵
512 1325 663 1415 dolores,
684 1340 719 1395 et
734 1322 907 1396 oculorum
914 1310 936 1394 ⁶.
967 1329 1124 1401 Medctur

72 1432 303 1523 tumnmticet
321 1459 342 1503 a
361 1432 451 1505 solc⁷
470 1434 552 1502 ustis
570 1457 645 1501 cum
667 1456 753 1501 cera.
777 1417 940 1500 Hulcera‘
957 1440 1125 1507 manantia

72 1553 99 1607 et
113 1539 252 1611 lurfirres
273 1566 352 1612 cum
373 1540 453 1608 vino
474 1552 658 1632 expurgat:
676 1535 909 1631 condylomata
929 1562 1006 1608 curn
1026 1543 1123 1612 mcli-

73 1642 137 1713 loto.
159 1649 223 1715 Per
242 1672 279 1717 se
295 1672 377 1716 vero
394 1645 493 1739 capiti
510 1642 649 1726 illitum,
670 1668 824 1712 somnum
847 1642 957 1713 allicit.

114 1754 235 1822 XLIII.
252 1752 375 1823 Oleum
389 1748 573 1821 laurinum¹
587 1748 698 1817 utilius
712 1774 780 1843 quo
793 1751 974 1836 recentius,
992 1776 1125 1849 quoque
1146 1790 1157 1823 ι

73 1856 192 1928 viridius
201 1858 328 1928 colore.
341 1860 403 1927 Vis
419 1853 510 1951 ejus²
525 1855 775 1942 excalfactoria;
792 1869 825 1924 et
837 1854 911 1923 ideo
923 1856 1124 1952 paralyticis,

74 1964 220 2054 spasticis,
241 1962 446 2047 ischiadicis,
462 1959 640 2055 sugillatis,
659 1962 777 2056 capitis
795 1959 981 2049 doloribus,
1000 1965 1122 2035 invete-

73 2070 139 2137 ratis
149 2068 436 2151 distillationibus,
453 2066 605 2151 auribus,
621 2066 656 2135 iu
673 2065 785 2161 calyce
801 2052 930 2162 punici3
946 2068 1122 2141 calfactum

75 2170 199 2244 ticino.

34 2350 35 2358 ,
115 2282 232 2351 XLIV.
258 2278 403 2351 Similis'
423 2296 457 2350 et
472 2278 591 2374 myrtei
609 2276 673 2348 olei
690 2280 778 2347 ratio
794 2304 802 2347 :
820 2278 1012 2375 adstringit,
1028 2282 1122 2353 indu·
1148 2322 1158 2353 t

77 2401 132 2454 rat:
145 2386 298 2457 medetur
312 2388 469 2482 gingivis,
487 2384 636 2454 dentium
651 2382 777 2471 dolori,
795 2384 1005 2479 dysenteria,
1019 2389 1127 2461 vulvae

77 2490 294 2581 erhulceratae,
307 2494 441 2577 vesicis,
455 2489 668 2560 hulceribus'
682 2492 820 2560 vetustis
834 2490 887 2560 vel
898 2496 1126 2579 manantibus,

106 2662 180 2717 xm.
195 2684 220 2719 1.
235 2666 335 2719 olam.
348 2662 507 2726 Dioscor.l,
521 2662 569 2731 39,
654 2662 682 2716 8.
696 2662 813 2713 Hulcem.
831 2659 957 2715 Totidem
971 2666 1059 2718 verbis
1070 2668 1127 2723 hacc

35 2735 36 2738 ’
78 2737 232 2814 demplcra.
246 2745 342 2796 nuo.
613 2740 702 2795 Diosc.
721 2742 773 2794 loc.
787 2742 830 2795 cit.
849 2740 930 2794 Marc.
950 2744 1025 2815 Emp.
1047 2766 1071 2800 c.
1088 2768 1126 2813 rr,

108 2841 130 2873 a.
143 2822 222 2876 Cutem
236 2834 336 2891 erugat.
351 2820 441 2873 Diosc.
453 2820 474 2873 I.
486 2838 510 2873 c.
523 2820 560 2872 Η.
612 2838 639 2891 p.
655 2826 690 2883 l⁰
700 2860 707 2884 ,
717 2832 746 2873 et
758 2820 826 2873 Plin.
838 2820 896 2872 vat.
913 2822 970 2880 III,
984 2843 1028 2877 aa.
1043 2823 1076 2875 H.

110 2899 133 2955 I.
150 2903 226 2955 Varus
245 2922 302 2955 was
321 2902 389 2953 nette
407 2899 480 2952 tottii.
498 2898 569 2952 Plin.
652 2899 752 2953 XLIII.
772 2918 796 2953 ι.
819 2900 905 2953 Oleum
918 2902 1044 2957 laurinum.
1064 2906 1127 2961 llaec

74 2977 126 3052 ‚vat
136 2980 188 3046 III,
201 2988 250 3046 ξι.
266 2982 361 3047 Hanc.
612 2977 713 3050 pariter
727 2978 815 3031 Diosc
835 2980 861 3045 I,
879 2986 923 3047 49.
939 2980 1029 3037 Iluro.

111 3064 134 3121 I.
153 3060 302 3115 Gravitatem
327 3059 425 3111 cuditur
450 3058 569 3120 discutit,
656 3076 681 3110 a.
708 3058 755 3109 Va
772 3061 822 3130 ejus
834 3060 1014 3126 excalfactoria.
1037 3064 1126 3119 Diosc.

81 3146 118 3190 tu.
135 3138 218 3195 Diosc.
232 3142 255 3195 l.
269 3160 294 3194 c.
308 3138 403 3191 lint).
613 3136 632 3189 I.
647 3155 669 3190 c.
687 3136 777 3191 Iliun.

112 3218 133 3270 5.
157 3218 257 3291 capiam
281 3220 365 3272 Marc.
389 3218 469 3287 Emp.
494 3235 520 3270 c.
547 3236 572 3284 r,
656 3218 682 3270 3.
697 3217 729 3269 In
741 3218 822 3289 calyce
829 3220 921 3287 punici.
935 3220 999 3287 Vel,
1015 3222 1061 3275 ubi
1077 3242 1128 3295 pu-

82 3308 104 3363 p·
116 3296 161 3363 tt,
170 3312 194 3352 ct
206 3300 300 3354 Diosc.
312 3298 332 3352 I.
348 3316 372 3350 c„
383 3296 475 3350 lisso.
613 3294 668 3349 nici
680 3296 741 3348 mali
756 3315 811 3349 non
826 3298 859 3349 sit
873 3300 991 3364 occasio,
1004 3328 1015 3348 .
1028 3303 1054 3354 in
1068 3304 1128 3357 stri.

112 3379 135 3429 ⁶.
147 3378 181 3430 Et
191 3382 324 3433 autom.
342 3376 432 3430 Diosc.
445 3375 464 3427 l.
481 3394 504 3429 c
519 3375 573 3429 Kal
614 3374 661 3447 gili
674 3376 773 3441 ferrea,
786 3388 817 3429 ut
827 3377 864 3428 ait
876 3376 944 3429 Plio.
957 3380 1016 3432 Val.
1032 3382 1062 3447 I,
1077 3402 1126 3445 ro,

83 3452 219 3523 ίρῦκπῖις
239 3456 275 3513 86
297 3460 349 3519 icis
371 3456 572 3515 ἀνασκωαςαόν.
614 3454 1128 3533 missumettepefactnm,inlusumquc

85 3534 216 3591 debeam
234 3539 319 3593 etiam
331 3536 474 3590 oculorum
488 3534 572 3588 aciem
615 3534 740 3599 auribus,
754 3533 875 3587 dolorem
895 3554 1002 3591 omnem
1018 3542 1096 3595 tollit.
1113 3568 1124 3589 .

38 3643 39 3646 ¹
84 3620 189 3669 mutat.
205 3644 216 3665 ι
230 3620 326 3672 Iliun.
614 3613 712 3668 Iisdem
730 3615 788 3667 haec
807 3612 927 3685 prodidit
945 3616 1030 3673 Marc.
1047 3622 1126 3694 Emp.

113 3710 136 3761 7.
145 3696 200 3748 Eu
212 3700 341 3751 salonitis.
353 3694 445 3747 Diosc.
460 3694 511 3747 loc.
526 3694 571 3748 cit.
616 3712 641 3748 c.
657 3712 704 3758 rx,
718 3712 749 3765 p.
762 3696 803 3747 80.
819 3695 910 3746 Hanc.

84 3769 410 3849 liptadlulipniuicpmrt
419 3775 573 3845 μιγνΰμινον,
655 3772 755 3826 mv.
798 3790 822 3824 t.
855 3773 954 3827 Similis.
985 3780 1128 3848 Μυρσίνινον

84 3849 191 3921 :datm
203 3859 269 3929 ῥίζῃ·
286 3856 331 3910 xci
345 3855 462 3926 waplam,
475 3852 517 3906 sal
534 3855 574 3923 lo·
617 3853 797 3906 umanssiosc.
808 3854 832 3915 1,
843 3855 879 3916 48
889 3871 895 3905 :
904 3855 1008 3927 Δύναμις
1018 3853 1128 3912 dicarat

84 3920 128 3996 lon
136 3942 232 4007 ψη,
248 3962 259 3985 ι
274 3935 365 3990 Ascle
374 3932 574 3987 ustismedctur
616 3934 741 3995 ςυπτικὴ,
753 3934 919 4002 conponat.
931 3935 1022 3989 Hsno.

87 4004 208 4068 &hrum
230 4016 322 4081 melli,
344 4013 396 4067 lihi
418 4004 517 4077 ridtci,
544 4030 574 4067 ac
660 4030 685 4064 a.
711 4011 857 4065 Hulccrihm
889 4018 986 4067 meantis
1015 4018 1057 4069 ael
1079 4038 1131 4069 ma-

86 4096 347 4168 mmmmm
368 4104 467 4145 cerato.
492 4118 503 4139 ι
525 4088 560 4143 II.
617 4090 819 4157 mariamnem,
839 4103 887 4145 etc.
905 4092 1018 4149 Hulcera
1039 4098 1132 4169 capitis
