2925 5009
409 456 563 526 uranu
587 460 729 529 xxxv.
1033 458 1105 557 467

71 584 142 659 Gabi
164 584 334 656 rhodomm
355 587 522 658 vocant²:
546 589 673 659 caulem
695 590 797 659 babet
827 592 932 685 virgae
955 592 1107 663 ficulneae

70 693 152 761 nodo
163 692 392 787 geniculatum,
406 694 484 764 folia
501 698 615 765 urtieae
626 698 659 763 in
673 696 783 765 medio
802 695 971 781 exalbida‚
988 700 1105 770 eadem

70 800 245 893 ptutedente
272 814 422 895 tempore
450 815 520 871 tota
548 802 718 888 rubentia,
742 802 858 872 florem
881 820 1103 898 argenteum:

70 909 210 999 precipua
231 921 344 975 contra
368 922 534 995 tumores,
561 908 791 1003 fervoresque,
817 924 852 979 et
876 908 1108 997 collectiones,

71 1034 130 1079 eum
144 1014 276 1106 axungia
292 1028 402 1083 vetere
418 1028 512 1097 tusa,
525 1016 569 1081 ita
586 1029 624 1082 ut
642 1014 731 1085 ferro
746 1040 814 1084 nou
831 1018 1034 1111 attingatur:
1052 1020 1110 1112 qui

70 1134 223 1211 perunctus
242 1134 310 1203 est,
332 1119 465 1214 despuit
488 1119 530 1187 ad
555 1144 648 1189 suam
670 1120 820 1191 dextram
845 1136 908 1190 ter.
932 1122 1110 1194 Efficuei'us

72 1224 224 1293 remedium
243 1248 314 1294 esse
333 1227 443 1313 aiunt,
462 1228 488 1295 si
509 1239 576 1295 tres
592 1252 724 1321 quoque
737 1230 839 1297 trium
857 1230 1030 1299 nationum
1048 1230 1109 1300 ho·

71 1328 153 1398 uiues
169 1345 351 1425 perungant
368 1332 573 1401 dextrorsus.

112 1438 221 1505 extit.
233 1439 343 1505 Herba
363 1437 481 1533 irnpia¹
498 1451 638 1506 vocatur
649 1440 786 1522 incana,
798 1440 1001 1507 rorismarini
1015 1464 1111 1535 aspe·
1131 1468 1142 1502 ι

73 1550 130 1623 m,
146 1542 241 1635 thyrsi
263 1543 366 1612 modo
387 1546 505 1612 vestita
524 1558 623 1637 atque
643 1546 796 1639 capitata.
817 1544 901 1613 lude
922 1545 976 1613 aiii
993 1546 1113 1617 ramuli

74 1664 224 1742 exsurgunt
242 1674 302 1717 sua
323 1647 486 1743 eapituia²
509 1665 683 1743 gerentes:
703 1651 747 1719 ob
763 1649 798 1717 id
813 1651 947 1744 impiam
967 1650 1112 1746 appella·

74 1770 146 1837 rere,
157 1756 305 1847 quoniam
322 1754 414 1823 liberi
433 1778 533 1849 super
549 1770 719 1849 parentem
738 1755 910 1825 excellant.
925 1755 989 1825 atii
1004 1759 1112 1851 potius

75 1852 107 1923 ita
121 1860 321 1952 appellatam,
337 1860 427 1955 quod
442 1860 569 1929 nulium
590 1860 711 1931 animal
731 1885 804 1930 eam
825 1864 982 1956 attingat,
1000 1865 1112 1933 existi·

76 1982 188 2034 narere.
206 1971 283 2037 Haee
298 1970 384 2035 inter
401 1966 486 2035 duos
505 1966 628 2061 lapides
640 1970 717 2037 trita
734 1968 858 2054 ferret,
877 1970 1044 2061 praecipuo
1057 1970 1112 2039 ad·

75 2086 163 2137 tersus
178 2076 312 2167 anginas
325 2098 445 2159 succo,
461 2072 545 2141 lacte
563 2088 597 2142 et
615 2076 695 2142 vino
714 2073 872 2142 admixto.
893 2076 1018 2141 Mirum
1045 2088 1111 2143 tra·

77 2166 153 2260 ditur,
179 2199 357 2273 numquam
388 2172 497 2247 abeo
521 2180 640 2248 morbo
667 2180 787 2248 tentari
814 2180 871 2273 qui
897 2181 1112 2271 gustaverint.

77 2276 166 2372 itaque
182 2299 212 2353 et
228 2287 341 2353 suibus
358 2285 445 2353 dari:
460 2286 882 2379 quaequemedieamentum
898 2284 932 2353 id
947 2283 1115 2366 noluerint

79 2378 195 2473 haurire,
219 2416 258 2459 eo
279 2390 400 2459 morbo
421 2392 574 2459 interimi.
603 2393 689 2460 Sunt
710 2394 766 2484 qui
786 2404 821 2459 et
839 2392 874 2458 in
895 2393 1006 2459 arium
1029 2391 1114 2461 nidis

79 2483 152 2575 inseri
166 2492 278 2589 aliquid
293 2521 335 2565 ex
348 2520 386 2564 ea
395 2510 532 2591 putent,
548 2510 647 2591 atque
658 2498 703 2565 ita
715 2522 784 2565 non
795 2494 993 2589 strangulari
1005 2496 1114 2591 pullos

81 2594 178 2665 aridius
195 2600 402 2671 devorantes.

119 2702 220 2775 uxtv.
239 2708 381 2777 Veneris
400 2705 580 2802 pectinem¹
602 2704 805 2801 appellanta
823 2705 1037 2777 similitudine
1053 2734 1114 2802 pe-
1136 2745 1147 2779 ι

111 2911 132 2946 a.
142 2894 202 2951 Grib'
210 2901 336 2953 Momm
348 2913 443 2955 aream.
453 2902 558 2971 Nempe
602 2902 643 2954 bia
654 2912 695 2955 eat
706 2900 871 2971 Gnapbala'um
880 2902 996 2970 gallicam
1009 2892 1117 2975 (synga-

83 2966 557 3051 Gattcireumpadnni.1ntttss.u.er
601 3000 650 3034 nes.
672 2982 769 3051 repent.
792 2998 852 3049 geu.
877 2975 1044 3039 rdda'Pera.
1066 2984 1116 3036 sub

83 3046 139 3104 Cdb.
150 3056 275 3113 drudorum.
295 3062 329 3113 ln
348 3058 456 3125 Iudice,
467 3060 556 3112 rhoda·
601 3060 711 3129 Magia.
723 3060 883 3130 Corymhiser.
897 3056 989 3122 luas).
1008 3062 1117 3115 Habitat

84 3144 128 3183 ¹¹¹·
139 3134 215 3189 Hxau.
224 3172 260 3183 --
268 3140 415 3192 litandorum.
429 3138 557 3194 Rhodum
601 3140 627 3193 iu
639 3137 1053 3211 glareosiassurtafilagoduguill.
1064 3141 1115 3194 loc.

84 3220 111 3259 Ν
121 3210 287 3289 barbacanae,
300 3218 414 3271 floribus
424 3219 556 3289 oblongis.
601 3220 723 3291 proxime
734 3217 808 3271 laud.
824 3219 875 3269 Eu.

86 3284 110 3339 C·
123 3289 191 3347 hub.
211 3299 292 3351 Βιοτ.
308 3330 350 3342 --
365 3298 558 3369 NobiaSpiraa
644 3318 669 3349 a.
694 3298 819 3368 Capitale.
839 3297 926 3351 Grou.
944 3308 976 3348 et
989 3298 1033 3349 at.
1055 3311 1116 3352 aute

88 3363 169 3423 ‘istria
189 3370 314 3437 (lmaad.
337 3390 470 3449 pentagyn.
497 3396 557 3447 geu.
602 3376 882 3447 HardcapitellaAEn.

89 3445 142 3501 tait
156 3452 217 3507 Pera.
236 3458 325 3510 tiarae.
345 3452 437 3516 luas).
455 3455 562 3510 Habitat
644 3457 743 3509 CXIV.
758 3457 1116 3524 1.Veeneispecetmm.ttane

87 3520 472 3605 iapnrtautigtuoats.subscrihtt
481 3536 561 3589 etiam
605 3554 661 3588 esse
671 3535 791 3588 duellius
804 3537 959 3597 arbitratur,
972 3552 1050 3605 quam
1064 3536 1117 3587 Pti-

86 3598 190 3678 Saranga,
202 3612 263 3669 ssiat.
275 3617 326 3670 nei
339 3616 444 3669 herbar.
457 3628 522 3669 tom.
537 3616 558 3679 t,
603 3614 664 3669 uiua
678 3616 741 3667 alibi
754 3613 902 3667 scaudiuena
916 3626 1006 3677 vocat,
1022 3616 1118 3671 xxa,

87 3696 130 3753 tu·
144 3694 255 3751 tobssu.
602 3712 659 3765 cap.
678 3693 906 3758 auderamnus
932 3694 1117 3759 ιῦοάοιιαο,

116 3762 197 3821 cxttt.
221 3794 243 3825 1.
262 3774 348 3825 Herba
366 3777 449 3843 inpie.
468 3772 560 3841 Fitago
603 3792 631 3845 p.
646 3775 713 3841 689.
728 3774 763 3826 Η.
777 3802 818 3815 -
831 3774 963 3825 Peaeum
976 3773 1117 3827 Nobiaeo·

90 3852 111 3889 ⁹
119 3856 157 3908 Ν,
168 3848 216 3902 aire
228 3852 311 3925 Impia
324 3851 464 3916 Dodonaei,
473 3870 500 3923 p·
512 3856 558 3913 66,
604 3852 665 3906 dem
677 3853 787 3905 nomine
795 3850 894 3909 dicitur
903 3850 1011 3905 Scandu
1019 3852 1117 3906 Pacta.

90 3914 266 3984 annuamus
284 3934 364 3985 berto
384 3932 476 4003 Regio.
492 3932 561 3985 Sub·
606 3928 738 3993 (Pentand.
764 3932 849 4004 dagge.
876 3949 938 4001 gen.
963 3948 1027 4001 711·
1046 3931 1119 3987 Pera.

91 3998 160 4053 uuir
174 4006 246 4063 etiam
264 4012 472 4083 Anguillarmi’.
492 4010 561 4075 ΧΠ,
611 4010 759 4079 ϋιιῦεἱὶξΐεν.
778 4001 878 4079 duaa-ir
901 4009 930 4062 ia
954 4012 1023 4080 agria
1050 4012 1122 4065 inter

94 4079 172 4139 brai.
185 4084 405 4145 Huu.-Herda
418 4094 499 4161 inpia.
512 4090 565 4143 No·
610 4102 708 4161 segetes
722 4090 854 4163 frequens.
869 4090 921 4141 Eu.

906 4194 966 4263 δυ’
