2925 5009
475 437 632 508 mess
658 440 824 514 xxvu.
1115 451 1187 549 s27

115 569 246 662 pitique
266 580 337 654 est,
364 591 467 661 quum
486 571 530 641 sit
548 569 603 641 ille
619 569 751 646 decocti
768 573 1015 654 saluberrimus.
1035 584 1189 682 Namque
1208 603 1224 656 3

112 658 322 768 adstringit¹⁵
343 674 552 745 stomachum
570 675 736 775 bilemque
757 671 943 772 detrshit¹⁶‚
959 689 1090 762 urinam
1106 693 1189 778 ciet,

110 778 228 851 alvum
238 778 262 818 ¹⁷
284 777 428 867 emollit,
456 796 491 851 et
513 783 547 850 in
575 783 692 856 dolore
714 803 831 860 sanat:
852 781 1009 864 ventris¹⁸
1036 797 1190 870 animulis

110 884 228 980 pellit,
243 884 416 956 malaciam
429 890 593 959 stomachi
605 905 639 974 et
653 893 840 966 inflationes
852 895 876 936 ¹⁹
893 897 1028 972 discutit
1043 927 1120 974 cum
1137 905 1188 976 sili

108 1006 148 1060 et
160 991 269 1062 nardo
280 992 419 1088 gallico,
431 1009 527 1064 aceto
538 997 659 1090 exiguo
674 999 797 1070 addito.
815 1004 984 1076 Fastidis²⁰
998 1008 1186 1106 absterget:

108 1100 349 1170 concoctiones
363 1099 509 1193 adjuvat
526 1103 717 1175 Cruditates
729 1105 875 1182 detrahit
894 1137 970 1182 cum
989 1129 1080 1202 tuta,
1094 1133 1128 1187 et
1139 1119 1189 1213 pi·

107 1229 213 1299 pere,
241 1219 277 1274 et
301 1203 379 1276 sale.
411 1207 550 1302 Antiqui
571 1213 778 1304 purgationis
806 1239 907 1286 causa
934 1218 1078 1306 dabant,
1111 1248 1190 1296 cum

105 1313 250 1380 mariuae
260 1335 355 1405 aquae
365 1315 486 1382 veteris
500 1317 661 1403 sextario,
679 1321 813 1390 seminis
831 1346 887 1392 sex
906 1323 1092 1410 drachmis,
1108 1355 1186 1400 cum

104 1417 218 1486 tribus
236 1415 328 1504 salis,
348 1431 382 1487 et
401 1417 507 1488 mellis
529 1422 661 1514 cyatho.
676 1424 857 1497 Efficacius
876 1445 999 1524 purgat
1017 1418 1186 1528 displicato

105 1521 189 1592 sule.
211 1523 398 1617 Diligenter
416 1539 529 1594 autern
555 1529 617 1596 teri
644 1528 761 1617 debet,
780 1549 918 1629 propter
938 1537 1182 1614 difficultatem.

104 1629 258 1718 Quidam
270 1643 307 1698 et
317 1631 352 1698 in
366 1628 502 1724 polenta
515 1630 636 1703 dedere
650 1661 752 1730 supra
766 1639 891 1710 dictum
907 1644 1052 1736 pondus,
1070 1647 1183 1719 addito
1202 1676 1219 1734 s
1328 1717 1330 1726 ,

104 1734 271 1830 pulegio:
294 1735 349 1805 alii
371 1740 484 1831 pueris
506 1738 585 1808 folia
603 1742 638 1809 in
660 1742 726 1812 fico
745 1745 850 1830 sicca,
871 1761 910 1816 ut
929 1751 1182 1824 amaritudinem

104 1840 304 1912 fallerent²¹.
316 1842 503 1914 Thoracem
517 1861 640 1940 purgat
652 1873 729 1918 cum
744 1849 826 1922 iride
842 1869 1024 1950 sumptum.
1036 1861 1077 1926 lu
1090 1862 1183 1956 regio

102 2034 193 2089 quum
211 2016 246 2070 sit
262 2017 309 2069 ille
324 2030 401 2071 entes
414 2017 561 2090 explicatus
573 2018 620 2072 de·
663 2025 736 2093 atqle
765 2025 801 2079 ὄν.
830 2025 1032 2084 «Existimetur
1065 2036 1181 2104 expressi

102 2098 176 2152 cocti
193 2096 317 2151 absinthii
340 2116 403 2151 usus
419 2097 620 2152 saluberrimus.
662 2120 755 2156 succus
777 2103 886 2158 eosdem
911 2122 1045 2181 prestare,
1059 2113 1179 2170 erfectus.

103 2177 211 2230 Vocem
224 2177 294 2230 hanc
305 2175 431 2230 absinthii
439 2196 540 2249 ,quern
555 2178 619 2232 libri
662 2182 787 2236 Attamen
814 2184 970 2252 potionibus
996 2189 1179 2262 improbetur,

101 2273 201 2310 omncs
215 2254 280 2310 editi
295 2268 322 2308 et
333 2275 414 2310 manu
427 2258 527 2310 exarati
538 2276 620 2327 sguo·
661 2259 735 2331 quod
746 2263 885 2316 stomacho
897 2278 936 2318 est
950 2267 1090 2338 iuimicus,
1103 2270 1178 2328 dolo-

101 2347 194 2398 scunt,
204 2354 394 2407 supervacuam
408 2355 463 2390 esse
478 2337 618 2390 Dalecam·
660 2359 772 2410 remque
785 2343 880 2414 cupitis
895 2345 956 2400 eiet.
968 2372 980 2394 ι
999 2349 1090 2404 llsuu.

101 2417 169 2488 pius
191 2415 359 2486 pronuntiat.
380 2415 446 2469 Jolr.
472 2415 566 2469 Letius
589 2418 618 2468 in
704 2421 749 2474 15.
766 2421 878 2495 Namque
897 2425 1038 2496 adstringit.
1053 2431 1175 2488 Dioscor.

102 2495 226 2548 editione
249 2495 365 2550 Elzerir.
386 2507 523 2566 permutat
544 2497 617 2550 vocis
658 2498 717 2566 111,
733 2505 786 2568 263
802 2501 896 2556 Galen.
914 2503 949 2558 tle
962 2505 1063 2562 Fscult·
1084 2511 1175 2584 simpl.

101 2577 179 2629 illius
191 2573 281 2629 sedern
291 2613 302 2639 ,
312 2593 343 2628 ac
357 2588 419 2646 post
433 2575 526 2628 decocti
538 2594 617 2645 repo·
659 2577 730 2633 med.
746 2580 801 2644 Vl,
822 2599 850 2651 p.
867 2587 940 2650 161,
957 2585 1078 2642 Marcell.
1092 2590 1173 2663 Emp.

101 2656 146 2709 uit
157 2673 166 2707 τ
179 2655 242 2708 elias
258 2655 373 2726 peruerti
391 2653 444 2708 loci
457 2656 616 2708 seutentiam
658 2673 716 2730 cap.
731 2676 799 2724 xix,
814 2678 841 2731 p.
857 2671 917 2726 ²¹4·
935 2665 1026 2721 Hisn.

101 2736 209 2789 clamat.
221 2735 308 2788 Ambo
322 2732 397 2787 haud
409 2753 472 2788 sane
483 2735 545 2788 satis
556 2734 615 2786 feli·
702 2741 747 2790 16.
764 2735 919 2792 Stomachum
929 2743 1044 2818 bilemque
1057 2747 1171 2804 detrudit.

101 2815 179 2868 citer.
194 2815 336 2868 Geminum
354 2813 483 2867 absinthii
506 2831 615 2869 succum
658 2814 849 2889 stomachique
867 2821 950 2874 bilem
964 2823 1089 2882 detrahit.
1103 2829 1172 2884 Dio·

101 2894 206 2948 Plinius
221 2893 336 2948 secernit
354 2915 361 2946 ε
385 2893 498 2946 alterum
511 2891 616 2948 decocti
656 2893 758 2949 seorid.
776 2895 857 2952 bilem
875 2916 987 2971 purgat,
998 2923 1058 2975 qun
1073 2921 1171 2964 stoma.

100 2992 173 3046 aqua
192 2975 234 3026 his
250 2973 339 3028 verbis
355 2991 362 3025 ε
382 2996 394 3016 ι
407 2973 513 3026 bibitur
526 2985 553 3026 et
566 2971 615 3026 ‹le-
657 2974 710 3028 cho
724 2987 752 3027 et
766 2979 853 3030 ventri
866 2978 978 3046 inhesit.
993 2984 1063 3040 Dee.

99 3067 210 3108 coctum
225 3064 455 3124 equs,scpostea
469 3051 554 3109 dicae
567 3071 614 3105 no·
700 3071 746 3125 ¹7·
777 3053 878 3109 Urinam
906 3061 969 3128 ciet,
994 3064 1089 3135 aluum,
1118 3079 1169 3122 ete.

98 3147 145 3187 cte
166 3133 368 3204 refrigeratum,
393 3144 443 3186 etc.
462 3156 474 3180 ι
493 3131 615 3184 Alterum
657 3133 749 3190 Diosc.
766 3134 782 3184 l.
798 3154 822 3188 c.
836 3137 928 3190 Hsnu.

99 3214 229 3283 expressi,
239 3210 314 3284 quod
324 3212 352 3264 in
366 3212 529 3267 usurarius:
546 3213 615 3264 ·Ex·
699 3217 743 3266 18.
759 3214 858 3268 Vestris
871 3219 1004 3290 animalia,
1018 3235 1067 3278 ete.
1084 3223 1168 3280 Mare.

100 3292 228 3365 primitur
255 3305 357 3356 autem,
384 3310 469 3362 quum
495 3291 612 3362 primum
655 3290 808 3364 Empoup.
825 3302 1151 3371 xxvrrr,p.198.Hsun.

99 3390 192 3426 semen
213 3371 354 3442 turgescit,
371 3383 424 3425 etc.
438 3395 450 3417 ι
472 3371 553 3424 Illum
565 3369 614 3424 de·
700 3374 788 3443 19.Et
798 3375 1102 3445 irfiitierefflioscorid.
1113 3382 1133 3437 l.
1143 3402 1168 3438 c.

99 3441 174 3506 cocti
197 3471 307 3506 succum
331 3449 535 3504 saluberrimum
556 3468 613 3502 esse
655 3451 1039 3526 mispltlpuseupereiusrcrli
1052 3462 1168 3534 dppttsr,

98 3532 129 3586 iu
141 3533 265 3602 praesenti
277 3544 384 3585 mouet:
395 3529 475 3582 istum
487 3529 614 3602 expressi,
655 3530 698 3584 sai
715 3533 823 3600 κοιλίας,
837 3535 880 3590 καὶ
893 3538 1004 3608 ςομάχου
1016 3540 1169 3614 ἀλγήματα,

99 3611 233 3665 inutilem.
256 3611 300 3666 sic
322 3609 370 3663 ubi
396 3607 511 3663 dilutum
532 3607 612 3663 deco·
655 3612 783 3682 πινόμενον
806 3613 873 3684 μετὰ
898 3621 1016 3680 σισίλιως
1040 3621 1056 3678 t
1077 3618 1167 3694 νάρδου

98 3703 228 3762 stumque
242 3689 369 3744 absinthii
379 3687 549 3742 Dioscorides
564 3707 612 3760 sp·
655 3695 785 3754 Κελτικῆς.
801 3694 892 3748 Hsuu.

99 3772 243 3843 probarit,
263 3769 377 3840 expressi
401 3787 512 3822 succum
540 3765 612 3822 idern
697 3789 742 3824 so.
756 3771 869 3827 Fastidia
884 3773 1018 3847 absterget,
1033 3791 1084 3835 etc.
1104 3781 1169 3836 Dio·

99 3852 309 3924 improbstdll,
321 3853 355 3902 26
367 3868 375 3902 z
386 3837 456 3902 Esses
465 3844 506 3914 cll,
514 3848 613 3919 inquit,
655 3867 712 3903 eor.
724 3851 779 3908 loc.
792 3853 838 3908 cit.
853 3855 945 3910 Hsuu.

99 3931 188 3986 stulti
198 3937 241 3984 τοῦ
254 3931 405 3999 χυλίσματος
416 3931 476 3999 ἔργα
485 3931 563 3982 ποιεῖν
579 3927 612 3980 ris
699 3948 744 3984 ur.
768 3932 826 3986 Alii
852 3946 936 3986 eontra
956 3938 1101 4010 paralysin,
1126 3942 1171 3996 alit

100 4011 177 4066 ιύτά.
187 4012 253 4070 lels
266 4012 300 4070 εἰς
310 4007 356 4070 τὰς
365 4009 450 4079 πόσεις
467 4009 493 4060 οὐ
505 4003 612 4078 desipui·
652 4012 734 4078 pueris
740 4011 808 4080 solies
823 4011 922 4162 inpleta,
936 4019 971 4068 sic
985 4029 1013 4070 ut
1030 4021 1171 4088 amarandi·

100 4094 172 4161 ζομν
189 4092 263 4155 cleb,
279 4089 450 4160 κακοςόμαχον
467 4087 509 4140 sul
523 4095 613 4158 κεφαλ-
655 4091 831 4158 uemsullersut
868 4094 906 4148 sio
917 4095 991 4166 prius
1005 4098 1169 4172 legebatur).

953 4187 1023 4262 53·
