2925 5009
268 419 339 492 868
539 423 581 490 C.
606 421 773 492 PLlNll
796 421 907 492 NAT.
934 423 1067 493 Hlsr.

268 555 394 637 incise,
413 554 484 622 siue
497 551 611 640 caule,
632 555 702 622 sine
715 553 817 638 flore,
837 555 908 624 sine
922 557 1049 625 semine
1066 581 1075 622 :
1090 539 1288 649 praegnans⁸
1309 555 1338 622 si

268 659 346 730 edat
357 683 447 745 eam,
464 674 523 732 aut
535 659 817 754 supergrediatur,
833 659 988 730 aborurm
1003 661 1116 730 faeere
1129 660 1261 730 dicitur.

236 795 249 828 ι
321 767 532 834 LXXXVII.
553 763 781 860 Ooopordon¹
799 767 827 836 si
844 766 1053 836 comederint
1073 767 1178 851 asini,
1197 767 1341 860 crepitus

269 869 408 940 reddere
423 869 592 940 dicuntur.
607 871 727 940 Trahit
741 872 854 942 uriom
871 888 906 942 et
923 897 1077 942 menses:
1100 871 1215 940 alvum
1238 871 1340 941 sistit:

268 977 522 1070 suppurationes
544 992 579 1046 et
600 975 811 1048 collectiones
827 977 973 1048 discutit.

236 1106 248 1140 ¹
322 1084 549 1152 LXXXVIII.
573 1080 704 1177 Osyris¹
727 1081 875 1154 ramulos
893 1083 959 1152 fert
971 1085 1106 1178 nigros,
1124 1097 1262 1170 tenues,
1275 1079 1344 1150 lcu-

268 1202 343 1258 tos:
365 1202 401 1256 et
414 1183 449 1256 in
471 1189 512 1256 iis
531 1187 611 1258 folia
630 1191 744 1282 nigra,
765 1215 828 1259 ceu
849 1188 906 1258 lini
922 1215 932 1276 3
959 1213 1140 1282 semenque
1156 1190 1192 1257 in
1207 1187 1344 1258 ramulis

268 1295 401 1387 nigrum
416 1294 529 1370 initio,
555 1293 632 1364 dein
652 1293 765 1366 colore
789 1309 919 1364 mutato
940 1294 1131 1364 rubescens.
1150 1297 1344 1388 smegmata

269 1397 482 1468 mulieribus'
505 1399 633 1470 faciunt
646 1425 689 1470 ex
707 1401 771 1470 bis.
796 1400 960 1471 Radicum
981 1385 1183 1470 decoctum³
1203 1415 1344 1494 potum,

269 1523 362 1574 sanat
382 1520 549 1598 arquatos.
577 1505 727 1593 Eaedem,
756 1508 948 1601 priusquam
982 1520 1186 1576 maturescat
1210 1529 1344 1591 semen,

268 1611 426 1697 concisse,
442 1625 477 1680 et
491 1610 561 1680 sole
572 1613 722 1697 siccate,
744 1611 857 1682 alvum
873 1615 1003 1682 sistunt.
1020 1614 1101 1682 Post
1114 1614 1343 1681 maturitatem

267 1739 350 1784 vero
379 1715 546 1804 collectae,
566 1732 601 1786 et
623 1718 658 1786 in
688 1717 870 1789 sorbitione
900 1718 1065 1804 decoctoe,
1096 1716 1345 1787 rheumatismis

262 1823 394 1917 'ventris
407 1821 594 1909 medentur,
605 1837 640 1892 et
652 1848 713 1918 per
725 1849 760 1894 se
774 1827 860 1896 tritae
874 1849 915 1894 ex
929 1848 1017 1918 aqua
1032 1823 1153 1894 caelasti
1169 1823 1342 1893 bibuntur.

311 2003 338 2056 5.
360 2003 496 2073 Praegnans
515 2008 539 2057 si
562 2003 621 2056 edat
641 2023 714 2068 1111,
736 2015 780 2057 aul
862 2003 1044 2058 LXXXVIII.
1057 2023 1085 2057 ι.
1102 2003 1200 2075 ann'r.
1215 2003 1342 2058 Totidem

269 2084 472 2153 supergrediatur.
486 2085 608 2138 Dioscor.
620 2081 655 2136 ad
667 2084 779 2136 verbum
823 2084 879 2136 iere
897 2083 986 2137 verbis
1004 2081 1106 2165 eadem·
1123 2096 1197 2136 certe
1215 2084 1344 2138 emtori·

269 2163 322 2216 loc.
342 2164 387 2216 cit.
405 2176 433 2216 et
453 2164 548 2218 Galen.
564 2160 600 2214 de
612 2163 674 2216 Fac.
689 2162 780 2234 simpl.
824 2162 1053 2236 Diosc.IV‚143
1072 2171 1204 2232 eoram,
1217 2165 1343 2234 ppassim

268 2241 340 2298 tued-
354 2242 438 2303 v111.
453 2263 513 2314 pag.
530 2243 596 2296 115.
609 2241 701 2296 llaau.
824 2243 919 2312 poss,
930 2253 979 2296 etc.
992 2243 1088 2312 Seopas
1102 2261 1135 2295 ea
1152 2261 1183 2296 ea
1201 2243 1269 2296 olim
1287 2243 1343 2311 lieri

307 2323 474 2376 Lxxxvu.
492 2342 518 2377 r.
536 2322 685 2392 anpordon
699 2324 722 2373 si
740 2341 781 2372 oo·
824 2321 930 2386 solitae,
960 2333 989 2374 et
1013 2339 1088 2376 nunc
1115 2321 1253 2392 plerisque
1279 2322 1344 2375 loeis

269 2401 385 2454 medardus
398 2407 470 2455 aaut.
480 2403 566 2454 Vetus
575 2401 712 2472 exemplar
724 2418 782 2454 non
824 2399 893 2452 liunt
904 2421 910 2452 :
923 2399 996 2454 unde
1004 2401 1113 2456 Linaria
1122 2401 1271 2472 scopariaa
1280 2420 1344 2454 nun·

271 2480 434 2551 Oropordoo,
451 2480 498 2534 aed
514 2481 664 2550 onopradon
679 2479 783 2536 babet:
824 2479 906 2532 nullis
920 2481 1072 2551 appellatur
1086 2499 1094 2534 ε
1108 2499 1123 2533 1
1137 2481 1240 2534 nostris
1256 2481 1343 2534 Italis·

268 2559 343 2632 qnod
358 2579 414 2612 non
428 2563 517 2614 minus
530 2561 626 2631 probo.
640 2560 709 2612 Nam
722 2571 753 2612 ut
766 2579 782 2612 a
825 2577 894 2629 qne,
907 2558 1044 2612 Beloedere.
1060 2560 1213 2624 Parasite
1228 2559 1344 2628 Soepdt'

268 2637 363 2710 δέρω,
374 2635 478 2711 idapem
488 2653 515 2693 et
524 2635 641 2708 ἔδρακον,
650 2639 689 2694 sic
698 2656 713 2690 a
722 2639 782 2710 selp-
825 2637 942 2704 Padooa,
957 2649 1022 2692 teste
1039 2639 1158 2710 Anguill.
1174 2639 1249 2692 Part.
1265 2641 1343 2704 xlv,

268 2714 323 2784 du,
345 2716 468 2789 ῐπαρᾶον,
487 2714 613 2789 (epodos,
633 2713 780 2788 dsdepodeu·
826 2735 853 2788 p.
877 2737 940 2786 ²9⁰·
953 2716 1079 2770 Vidimus
1093 2719 1122 2772 in
1143 2719 1226 2772 burto
1242 2719 1340 2790 Regio.

269 2799 348 2852 Pina.
371 2831 411 2842 -
433 2799 591 2868 Onopordoe.
617 2796 701 2867 Apud
727 2798 783 2850 lle·
825 2795 1081 2866 qualisaDodonroo
1091 2797 1224 2868 pingitur,
1235 2816 1264 2868 p.
1279 2817 1340 2852 ror.

269 2879 389 2950 sycbium
412 2875 543 2949 iao'popdov
565 2873 707 2940 mendose,
729 2894 781 2946 pro
826 2875 918 2930 Haeo.
925 2908 966 2918 -
976 2877 1064 2947 Osrrr'r
1075 2877 1182 2929 murelos
1186 2879 1242 2944 sen
1249 2875 1341 2948 nigros,

269 2953 413 3028 ὀνόπορδον,
433 2960 483 3012 ἀπὸ
502 2961 547 3018 τῆς
569 2955 624 3009 ὄνου
639 2955 748 3025 copdfic,
766 2974 782 3008 a
826 2967 920 3016 terrun,
943 2969 994 3008 ete.
1009 2955 1103 3027 Osyris
1119 2955 1275 3011 Dioscorid.
1290 2958 1338 3012 loe

270 3033 783 3109 crepitarentris.Cardouottomcnto-
824 3035 950 3104 proxime
971 3033 1044 3088 laud.
1064 3036 1144 3090 nobis
1171 3035 1270 3089 eodem
1295 3055 1341 3089 no-

269 3137 328 3172 sum
352 3117 468 3188 appellat
494 3115 621 3167 Lobeliua
646 3113 676 3166 iu
702 3115 780 3167 Obss.
825 3105 1341 3186 mine'Osyn'aolda(Dlrer.trr'orad.gen.

269 3216 331 3270 pag.
353 3198 416 3260 sta.
436 3196 572 3249 Coronam
590 3194 704 3246 irauom
719 3193 782 3246 ber·
826 3194 901 3246 2188
913 3193 1113 3264 Pmls'loeegre
1125 3191 1219 3256 Im).
1230 3195 1339 3248 Habitat

269 3277 355 3332 barii:
370 3275 442 3329 Galli
453 3287 555 3328 serrata
565 3272 646 3342 greci
664 3271 781 3326 nominis
825 3271 852 3324 in
868 3271 976 3342 Europa
988 3273 1104 3326 australi.
1119 3275 1173 3326 En.

269 3356 477 3427 significatione,
493 3365 536 3423 pet
557 3351 641 3405 d'doe.
654 3349 782 3406 Vidimus
866 3372 891 3405 1.
918 3351 1057 3422 Smegmta
1080 3352 1219 3406 maheldus
1237 3355 1337 3422 saciat

270 3439 299 3490 in
314 3437 396 3488 horto
412 3433 504 3505 Regio.
526 3431 659 3495 Calabris.
672 3430 782 3484 Siculis·
823 3451 854 3482 ee
873 3431 918 3484 tu.
940 3431 982 3486 Ex
1001 3429 1109 3502 osyride
1126 3433 1260 3503 surripere
1279 3433 1337 3486 lieri

269 3534 323 3589 que
333 3515 481 3569 etiamnum
491 3511 715 3581 Ammoneo
725 3511 781 3562 An·
824 3509 941 3564 Gslenus
961 3508 1059 3574 tradit,
1084 3510 1133 3564 lib.
1159 3510 1195 3564 de
1222 3512 1338 3584 Simplio.

269 3596 396 3668 guillart,
408 3593 481 3646 Part.
492 3593 577 3657 vm,
590 3609 650 3661 pag.
665 3589 731 3653 145.
745 3590 780 3642 Η.
825 3587 898 3642 med.
912 3589 1015 3644 Facult.
1027 3590 1113 3655 VIII,
1125 3608 1186 3661 que
1198 3590 1245 3644 alii
1259 3591 1338 3644 inte·

271 3707 312 3718 --
328 3673 477 3744 Ompordoo
495 3676 520 3724 si
536 3668 681 3724 comederint
701 3671 780 3732 uini,
824 3675 963 3739 pretantdr
985 3681 1148 3738 smegmata,
1171 3682 1203 3722 ut
1221 3669 1339 3734 Plini-r,

271 3745 552 3808 etc.daolsdsor1>ioec.
568 3751 623 3814 111,
640 3751 691 3810 183
702 3746 783 3802 nobis
825 3747 869 3800 alii
885 3765 994 3818 acopos,
1009 3747 1054 3801 alii
1073 3749 1204 3819 adsparpe
1221 3748 1264 3802 ael
1280 3757 1338 3802 rat·

271 3846 310 3888 eat
320 3831 478 3902 anpordura
484 3823 779 3902 Acautliamffmeoes.
823 3828 985 3898 λακτίσματι.
999 3826 1067 3880 Nam
1086 3831 1181 3898 aspris,
1202 3833 1302 3898 1111μεῖ1
1313 3841 1337 3881 et

272 3913 359 3985 aquai.
369 3930 432 3982 gen.
444 3913 515 3966 1800
528 3911 601 3963 Pers.
613 3907 780 3980 eympt.
824 3906 983 3968 καλλωπίζειν
992 3905 1135 3977 siguificat·
1151 3907 1222 3961 Dar..

271 3981 361 4058 Iura).
375 3989 482 4045 Habitat
496 3991 523 4043 in
536 3987 667 4042 ruderatis
682 4000 707 4042 ct
722 3987 780 4042 eol·
865 3985 889 4038 3.
904 3986 1021 4040 Μυκη
1036 3983 1159 4040 decocture
1167 3999 1259 4057 potua.
1273 3987 1335 4038 Dio·

272 4071 350 4126 libus.
364 4071 415 4124 En.
826 4083 891 4120 acor.
907 4065 956 4119 loc.
971 4065 1019 4120 cit.
1036 4063 1128 4118 Haut).
