2925 5009
346 457 414 534 156
444 511 449 522 .
692 459 969 531 EXCURSUS
994 460 1060 528 ΙΙΙ
1104 459 1107 465 ’

340 601 387 636 ssu
401 593 524 654 usurpsta
539 580 684 654 aliquando
697 580 806 635 dicendi
823 582 966 642 abusione,
978 597 1120 633 numerum
1137 595 1250 632 numero
1261 591 1397 632 commuta·

342 671 394 735 vit;
411 683 457 724 sut
470 669 587 723 adalind
602 669 702 741 aliquid
712 671 826 741 respexit
834 708 842 734 ,
855 667 930 741 qood
944 669 972 721 io
984 668 1076 720 ultima
1090 679 1182 740 parte,
1195 678 1222 720 et
1240 669 1398 740 propelrujus

340 758 428 830 operis
441 759 521 811 llnem
540 757 715 811 indicabitur.

377 848 455 901 Nunc
469 847 550 917 igitur
562 844 789 916 coagmentatione
801 845 914 917 rejects,
924 844 1058 897 uniforme
1070 843 1136 917 quid
1144 883 1153 907 ,
1161 847 1236 916 juxto
1248 855 1326 916 poete
1340 860 1398 895 rer-

344 939 395 1000 bn,¹
408 947 434 990 et
446 935 560 1007 simplex
574 935 749 1006 pharmacum
765 934 845 988 luisse
857 934 1020 1005 nepenthes,
1033 931 1109 1005 quod
1121 933 1235 986 alterum
1247 944 1299 984 erst
1310 949 1401 1003 propo-

342 1026 398 1079 site
420 1022 558 1076 divisionis
574 1035 672 1094 caput,
690 1022 800 1075 firmum
819 1039 957 1075 remanere
975 1039 1142 1092 consequens
1161 1033 1209 1074 est.
1228 1018 1278 1075 Sed
1290 1019 1401 1070 intanta

253 1149 256 1157 ·
340 1133 429 1170 rerum
445 1113 608 1166 medicorum
622 1113 698 1182 copis
712 1131 744 1164 sc
757 1111 912 1165 diversitate
922 1111 1007 1178 (intre
1020 1111 1093 1162 eninr
1105 1109 1256 1180 octingenta
1266 1106 1401 1179 simplicio·

340 1221 400 1256 rum
411 1221 553 1256 numerum
562 1201 682 1266 linitum,
699 1201 721 1254 si
731 1199 869 1254 Narniensi
885 1199 947 1252 Gal.
961 1199 1040 1251 Mart.
1053 1197 1088 1252 de
1101 1199 1226 1252 Promiss.
1241 1201 1313 1252 noct.
1323 1211 1403 1260 cru,

340 1289 576 1364 credimus,quem
591 1291 676 1342 multo
686 1287 815 1361 mijorem
825 1305 898 1340 nuuc
911 1287 1039 1358 temporis
1047 1284 1260 1352 recensendum)
1269 1281 1331 1357 quid
1340 1281 1401 1335 certi

339 1391 457 1432 statuere
466 1377 625 1450 possumus?
632 1377 710 1431 Ultra
722 1389 810 1428 tomen
821 1393 931 1447 pergere
942 1393 996 1428 uon
1007 1374 1175 1429 diffidimus:
1186 1388 1214 1428 et
1224 1373 1402 1446 primumcum

340 1467 453 1540 Apuleio
465 1467 492 1519 iu
508 1468 585 1538 Apol.
600 1465 767 1519 sffirmsmus
777 1483 785 1518 t
796 1465 851 1518 «Ut
861 1463 939 1519 etism
954 1465 996 1517 vir
1006 1464 1111 1537 egregie
1121 1463 1232 1526 doctus,
1247 1474 1274 1516 ct
1283 1461 1402 1514 vuemo

340 1555 477 1608 emulator
494 1555 664 1621 meminerit,
675 1553 823 1606 Homerum
837 1563 943 1624 poetam
956 1551 1137 1616 multiscium,
1149 1552 1193 1606 vel
1204 1552 1291 1623 potius
1300 1559 1403 1603 concta-

338 1661 401 1695 rum
414 1659 504 1696 rerum
525 1643 644 1714 opprime
660 1642 796 1714 peritum,
816 1643 871 1693 vim
893 1659 1001 1694 omnem
1015 1639 1242 1705 medicaminum,
1254 1657 1307 1692 non
1325 1636 1404 1698 mari,

339 1729 386 1784 sed
401 1742 478 1784 terres
491 1730 656 1803 scripsisse.»
667 1731 701 1782 Et
714 1729 837 1805 quamvis
851 1730 951 1782 morino
962 1728 1103 1783 curatione
1121 1747 1183 1782 usos
1195 1727 1332 1800 Egyptios
1345 1743 1405 1778 cou-

338 1830 402 1885 stet,
415 1830 494 1892 atque
508 1817 663 1891 Euripidem
674 1855 681 1880 ,
700 1835 751 1870 uus
766 1835 828 1870 cum
839 1816 950 1870 Platone
960 1817 988 1868 in
998 1820 1148 1888 AEgyptnm
1158 1815 1309 1887 proiectum
1318 1815 1405 1886 ,juxto

339 1907 484 1978 Diogenem
496 1907 584 1959 Luert.
598 1906 645 1958 lib.
657 1905 702 1958 111
716 1903 751 1958 de
764 1905 875 1959 Platone
895 1923 902 1958 τ
924 1906 976 1960 Kul
992 1908 1076 1960 uiridi
1089 1907 1234 1963 νοσήσαντα
1248 1907 1307 1977 πρὸς
1317 1911 1362 1956 rin
1372 1904 1405 1956 is·

338 2000 396 2068 pius
413 2000 561 2054 discluditur
571 2002 603 2067 τῇ
617 1993 662 2050 διὰ
676 1998 801 2059 θαλάττης
812 1996 945 2067 θιραπιίᾳ,
959 1997 1010 2048 lias
1022 1996 1065 2050 καὶ
1080 1997 1172 2048 sistris·

499 2129 624 2184 Θάλασσα
637 2130 717 2190 iiiiii
731 2127 818 2180 πάντα
829 2125 979 2197 τάνθρώπων
991 2125 1069 2179 κακά·

339 2277 442 2350 «Atque
462 2275 500 2329 ibi
520 2276 615 2328 morbo
633 2274 877 2347 compreheusum,
894 2293 909 2327 a
932 2272 1115 2328 sacerdotibus
1135 2271 1293 2324 Thalassico
1309 2269 1405 2323 medela

340 2365 421 2418 fuisse
434 2363 571 2426 ablutum,
581 2379 635 2434 quo
648 2381 682 2416 ex
692 2381 722 2416 re
733 2376 825 2435 postes
838 2361 938 2417 dixerit
951 2381 957 2413 ε

510 2493 577 2538 Mors
590 2490 697 2538 universa
709 2489 801 2552 proluit
810 2490 932 2537 hominurn
942 2489 1019 2535 susle:
1032 2509 1045 2529 ι

322 2642 325 2647 ·
340 2619 513 2673 nihilominus
522 2620 556 2674 de
564 2620 617 2674 boc
625 2607 755 2694 AEgyptio
763 2619 905 2692 phsrmaco
915 2638 1038 2691 expresse
1047 2630 1160 2672 testetur
1169 2615 1407 2689 Homerus,0d5ss.

339 2715 372 2770 Δ,
390 2709 456 2779 φίριι
473 2706 584 2779 ζιίδωρος
601 2709 711 2782 dpoupu,
729 2713 800 2778 quod
813 2710 1024 2777 producitfirtilis
1038 2722 1112 2760 terra.
1127 2708 1208 2760 «Nou
1222 2707 1312 2771 enim,
1324 2702 1407 2759 subdit

340 2795 411 2850 idem
419 2795 559 2868 Apuleius,
572 2797 675 2849 murino
689 2797 780 2869 aliquo
798 2796 845 2863 (in
859 2797 940 2858 mari,
952 2794 1025 2848 unde
1038 2805 1064 2847 et
1077 2813 1189 2859 nomen,
1203 2794 1408 2865 margaritssna·

340 2885 391 2946 sci,
414 2903 455 2938 res
474 2895 512 2937 cst
532 2889 613 2952 nota)
631 2896 658 2937 et
679 2883 827 2956 pisculento
845 2882 1007 2949 medicavit,
1021 2901 1072 2935 nec
1092 2882 1202 2936 Proteos
1223 2881 1338 2944 faciem,
1360 2897 1405 2932 nec

340 2973 449 3046 Ulysses
464 2973 600 3037 scrobem,
620 2991 671 3025 nec
688 2971 782 3026 AEolus
800 2972 891 3038 folles,
910 2989 961 3025 nec
979 2971 1083 3025 Heleno
1098 2982 1237 3042 pateram,
1265 2989 1316 3024 nec
1332 2969 1405 3036 Circe

340 3060 485 3133 poculum,
499 3079 548 3114 nec
561 3059 655 3113 Venus
669 3061 841 3132 cingulum:
859 3061 951 3126 Quum
970 3078 1035 3132 ergo
1055 3057 1212 3128 hujusmodi
1233 3058 1407 3131 pharmacum

340 3150 420 3202 luerit
432 3187 440 3213 ,
453 3161 484 3202 ut
502 3162 577 3203 terrae
590 3150 624 3204 sit
639 3147 847 3204 adscribendum
859 3167 868 3214 ς
884 3149 976 3203 autad
995 3149 1115 3222 plantas,
1127 3160 1174 3202 sut
1188 3147 1223 3201 sd
1235 3147 1359 3219 lapillos,
1378 3164 1407 3200 es

339 3237 434 3292 eodem
448 3236 560 3310 Apuleio
579 3237 712 3310 pertinere
726 3236 869 3292 dicendum
884 3238 953 3290 erit:
969 3236 1200 3307 receptissimus
1214 3233 1351 3306 lapidibus
1362 3253 1409 3288 me·

340 3325 453 3390 dicinrs,
469 3343 519 3379 nec
531 3345 647 3391 novum,
662 3337 708 3378 aut
722 3325 870 3380 absurdum
880 3326 946 3380 rino
962 3325 1125 3379 commixtos
1145 3323 1409 3397 ogrescmtiboseos

339 3413 414 3478 dari,
432 3425 463 3466 ut
476 3413 510 3466 de
521 3413 648 3485 Sophiro,
662 3413 824 3477 Humatide,
843 3414 957 3485 aliisque
970 3411 1140 3467 Dioscorides
1152 3413 1313 3467 observavit.

374 3503 552 3575 Agnoscimus
565 3521 628 3557 sone
644 3521 682 3556 ex
695 3503 879 3576 Antiquorum
893 3504 1000 3575 scriptis
1013 3501 1157 3555 nonnullas
1170 3500 1275 3555 laudsri
1296 3502 1323 3554 in
1339 3520 1408 3574 geu·

341 3590 390 3644 mis
402 3591 556 3664 qualitates,
573 3609 632 3664 que
646 3609 706 3645 cum
720 3591 848 3664 AEpyptio
859 3590 992 3662 nepenthe
1004 3589 1121 3644 conteni
1131 3600 1251 3662 possunt.
1263 3587 1408 3643 Dioscorid.

339 3679 385 3732 lib.
396 3681 437 3732 V:
454 3705 465 3726 ι
477 3680 517 3732 Ex
528 3681 603 3744 Nilo,
617 3679 725 3754 AEgypti
740 3679 866 3742 flumine,
879 3679 944 3750 lapis
953 3677 1112 3750 producitur
1120 3676 1281 3750 gsluctides,
1296 3696 1376 3750 quem
1386 3689 1410 3729 et

339 3769 469 3822 Letheutn
484 3767 639 3833 nomiusut;
653 3767 715 3839 quis
728 3765 901 3840 procedentis
913 3766 982 3819 mals
993 3751 1069 3818 ducit
1080 3771 1109 3817 in
1119 3764 1283 3818 oblivionem
1295 3803 1302 3827 ,
1314 3777 1341 3818 et
1352 3766 1409 3818 siuo

340 3857 479 3928 mulsoque
497 3855 625 3926 liquatur.
635 3883 647 3902 υ
656 3855 795 3926 Topazion
804 3873 894 3909 nonne
905 3855 972 3907 iram
988 3853 1079 3908 sedsre
1094 3865 1120 3906 et
1134 3853 1355 3916 tristitiom,suut
1367 3853 1408 3925 qui

339 3945 477 3999 asserunt?
495 3943 570 4016 plurs
595 3963 628 3996 ex
648 3944 779 4016 Orpheo,
800 3941 974 4006 Dioscoride‚
995 3941 1081 3994 Plinio
1108 3940 1220 4012 aliisque
1240 3940 1408 4012 scriptoribus

339 4032 439 4086 adduci
451 4042 570 4104 queunt:
582 4031 629 4086 sed
642 4050 727 4104 quum
744 4031 830 4086 omnis
841 4042 928 4084 nostro
942 4028 1090 4101 disputetio
1100 4028 1171 4082 iutra
1184 4027 1292 4082 llomeri
1305 4030 1408 4082 semitas

340 4119 536 4193 progrediatur,
546 4119 602 4191 jum
615 4139 669 4173 nou
681 4119 792 4192 amplius
805 4119 830 4171 iu
843 4119 895 4172 hnc
906 4116 1107 4189 investigatione
1119 4115 1319 4172 immorandum
1331 4115 1407 4184 (isid.
