2925 5009
333 474 404 544 dna
607 473 646 540 C.
673 471 843 542 PLINII
867 469 977 538 unt.
1002 469 1134 536 rust.

333 605 466 674 altiores
489 601 602 698 palmo
623 625 632 668 τ
652 603 773 676 liutice
794 615 926 689 tenero,
955 600 1041 670 loliis
1061 598 1208 696 pusillis,
1230 600 1390 687 rotundis,

334 714 367 780 in
390 723 478 779 terra
493 711 678 804 jacentibus
697 736 704 778 :
724 725 909 780 nascuntur
924 712 958 780 iu
975 708 1082 777 hortis
1097 720 1133 776 et
1145 707 1284 800 aquosis.
1301 708 1390 775 Prior

333 817 432 886 floret
462 816 613 888 raerulea.
647 819 832 911 Utriusque
860 801 996 888 succus³
1018 812 1195 885 oculorum
1227 811 1388 906 mliginem

334 923 469 993 discutit
481 949 556 991 cum
574 922 687 1011 melle,
706 939 739 992 et
750 946 790 992 ex
801 926 868 992 ictu
882 937 1051 1006 eruorem,
1067 935 1103 990 et
1116 944 1251 1013 argema
1261 920 1390 999 rubens,

334 1032 439 1124 magis
458 1055 533 1098 cum
548 1031 657 1098 Attico
673 1028 770 1098 melle
790 1031 945 1102 inunctis.
962 1026 1108 1122 Pupillus
1125 1026 1261 1110 dilatat3
1275 1040 1308 1094 et
1322 1025 1390 1094 ideo

332 1133 399 1204 hoc
418 1138 624 1228 inunguntur
638 1151 734 1220 ante,
753 1136 873 1229 quibus
895 1120 1137 1229 paracentesis⁴
1157 1132 1206 1201 fit.
1226 1135 1392 1200 Jumento-

299 1279 313 1312 2
333 1265 407 1310 rum
430 1261 561 1336 quoque
583 1241 687 1311 oculis
704 1243 887 1310 medentur.
910 1243 1039 1310 Succus
1058 1254 1162 1334 caput
1180 1224 1318 1332 purgat⁵
1338 1263 1392 1332 per

332 1371 430 1416 nares
445 1348 589 1434 infusus,
604 1351 649 1417 ita
664 1363 700 1416 ut
719 1348 838 1418 deiude
857 1350 935 1416 vino
952 1345 1127 1416 colluatur.
1144 1346 1394 1414 Bibituretcen-

333 1467 385 1522 tra
404 1437 551 1548 angues⁶
567 1457 658 1523 succi
679 1455 839 1524 drachma
856 1456 893 1523 in
909 1457 998 1521 vino.
1013 1455 1157 1536 Mirum,
1178 1451 1267 1544 quod
1282 1475 1391 1544 pecora

333 1559 488 1627 feminam
510 1562 626 1628 vitant.
655 1565 697 1631 At
726 1563 753 1629 si
780 1561 919 1656 deceptu
948 1558 1163 1628 similitudine
1184 1552 1291 1651 (flore
1312 1560 1390 1624 enim

334 1679 463 1734 tautum
479 1655 623 1758 distant)
641 1667 879 1761 degustavere,
899 1668 1010 1736 statim
1024 1691 1116 1750 eam,
1134 1689 1209 1758 quae
1225 1662 1330 1758 asyla⁷
1345 1687 1392 1757 ap

334 1768 490 1868 pellatur,
514 1775 548 1840 in
566 1773 712 1842 remedio
735 1787 910 1868 quaerunt:
932 1797 972 1841 ea
993 1797 1014 1841 a
1035 1773 1159 1841 nostris
1181 1771 1271 1838 ferus
1287 1768 1391 1838 oculus

334 1893 483 1947 vocatur.
513 1879 712 1973 Proecipiunt
738 1880 838 1975 aliqui
862 1877 1050 1966 effossuris,
1070 1891 1149 1947 ante
1170 1875 1248 1946 solis
1269 1891 1389 1962 ortum,

337 2037 395 2088 Duo
409 2055 506 2106 gerere.
531 2037 743 2108 Anagallis'est,
762 2039 845 2093 altera
888 2038 974 2100 citer,
999 2035 1047 2090 sed
1072 2039 1256 2106 repetiturum:
1283 2047 1387 2088 remur.

335 2133 407 2181 mas,
431 2115 570 2186 plunniceo
594 2117 677 2181 liure,
704 2117 736 2170 C.
758 2119 844 2170 Bauli.
889 2114 1389 2188 Adpunctioessetadrerbum,siquis

333 2195 391 2248 Pin.
411 2197 480 2254 252:
495 2197 577 2249 ultera
596 2197 709 2260 lumina,
730 2199 845 2251 ceruleo
888 2197 1046 2267 praeivisset.
1063 2195 1156 2249 Hann.
1169 2228 1209 2237 —
1227 2194 1388 2247 Pararentesis

332 2275 375 2328 vel
386 2275 446 2325 albu
456 2274 532 2340 flore,
545 2276 844 2330 C.Baulr.ibid.Buor.
888 2277 934 2340 fir,
955 2295 1040 2348 qrruru
1061 2287 1191 2328 cataracta
1212 2293 1258 2327 acu
1279 2285 1388 2335 curaturt

333 2385 373 2396 -
394 2353 478 2407 Nobis
494 2357 627 2424 Auagullis
644 2362 750 2408 urverrsis
764 2357 845 2410 Liun.
889 2360 1014 2428 ope'totioa
1027 2356 1058 2407 de
1071 2357 1098 2407 la
1111 2366 1241 2407 catarecte.
1258 2355 1338 2406 Bnor.

334 2429 467 2496 (Peatuud.
482 2453 611 2504 moirogru.
627 2453 686 2506 geu.
704 2436 757 2504 391
773 2437 846 2489 Pers.
881 2493 886 2503 ¹
933 2437 960 2489 5.
970 2435 1062 2489 Suocus
1077 2447 1152 2506 ceput
1162 2447 1262 2504 purgat,
1276 2432 1386 2486 uenis

334 2505 743 2585 Lysimaclr.iuss.),quoelrabitat
753 2518 780 2567 in
791 2517 847 2568 Eu·
890 2533 960 2568 seor.
978 2516 1029 2568 loo.
1044 2515 1091 2568 cit.
1106 2527 1132 2568 et
1145 2515 1239 2567 Galen.
1250 2513 1284 2566 de
1298 2511 1384 2565 facult.

333 2611 407 2662 rope
427 2593 496 2644 urvis
513 2613 520 2644 :
546 2606 574 2646 et
592 2595 723 2664 Arreguilis
743 2597 847 2648 ceruleo
890 2596 981 2665 simpl.
998 2594 1235 2666 med.V1,39,p.
1252 2599 1313 2647 155.
1323 2592 1354 2644 Η.

334 2671 476 2726 Schreber.
488 2671 556 2725 Cum
573 2674 662 2743 priore
677 2677 786 2739 crescit,
800 2673 847 2728 sed
932 2674 1066 2727 sethum
1074 2687 1099 2725 et
1107 2687 1194 2726 eoatm
1204 2693 1301 2743 argues.
1311 2673 1385 2724 Diost.

335 2752 424 2804 minus
445 2751 578 2824 frequens.
602 2753 721 2824 Utraque
744 2757 848 2826 plautas
889 2753 952 2807 loco
970 2755 1060 2808 citato.
1086 2755 1181 2807 Hsuo.
1205 2785 1245 2796 -
1260 2753 1349 2805 Betim
1365 2759 1385 2800 et

334 2829 406 2882 inter
422 2831 570 2902 ceplralicas
582 2845 751 2899 recensetum
764 2833 848 2894 sudo·
890 2845 975 2886 ceretro
988 2853 1089 2904 angues.
1110 2832 1278 2905 Anagallidis
1294 2847 1383 2890 suecos,

334 2911 415 2963 ritem
435 2909 548 2963 liabetur
566 2924 593 2964 et
610 2913 761 2966 vulneraria
777 2932 784 2966 t
801 2911 848 2966 sed
890 2925 937 2966 aut
950 2913 1091 2967 decoctum
1114 2932 1147 2965 ex
1163 2933 1246 2986 aqua,
1261 2913 1302 2966 rel
1320 2911 1382 2970 vino,

336 2990 471 3059 anagallis,
486 2989 552 3042 flore
567 2991 721 3060 plroeniceo,
733 3011 780 3046 seu
793 3011 848 3046 mas
891 2991 1001 3045 hulcera
1012 2991 1206 3046 mundificatet
1216 3005 1299 3056 sanat3
1311 2985 1380 3041 mede·

335 3069 445 3122 Ollieirr.
458 3070 625 3140 potissimum
641 3073 669 3124 iu
690 3091 739 3125 usu
759 3086 797 3125 est
813 3069 848 3125 ad
892 3083 991 3144 turqne
1018 3073 1184 3142 serpentium
1208 3087 1234 3125 et
1254 3075 1381 3143 viperarum

335 3147 565 3220 hypocondriacos
580 3149 703 3212 allectus,
721 3163 748 3203 et
761 3152 848 3205 inlau-
890 3150 988 3204 ictibus
1008 3165 1037 3205 et
1057 3153 1130 3205 canis
1148 3151 1238 3205 rabidi
1253 3144 1380 3210 memini

336 3229 403 3282 tium
424 3229 547 3282 tormina.
564 3231 643 3284 Coul'.
661 3233 763 3284 Geolfr.
781 3231 847 3285 Mat.
891 3231 1009 3294 bibatur,
1025 3245 1072 3285 ant
1093 3231 1115 3285 si
1136 3250 1169 3283 ex
1186 3231 1279 3284 eodem
1290 3229 1380 3281 vulnera

335 3307 405 3362 med.
423 3321 488 3361 tom.
504 3309 559 3378 lli,
573 3330 599 3381 p.
615 3329 650 3378 90
660 3329 700 3382 sq.
715 3311 768 3364 Eu.
891 3310 1043 3364 colluantur
1059 3325 1085 3363 et
1095 3311 1179 3363 herba
1195 3325 1301 3365 contusa
1313 3308 1381 3375 impe

377 3389 404 3442 3.
416 3389 545 3461 Utrimque
553 3409 644 3442 succus.
656 3389 782 3444 Totidem
790 3391 847 3444 l'ere
890 3392 1084 3456 natur,etc.Cf.
1093 3391 1200 3444 Geol'l'r.
1210 3379 1380 3458 tocsupluud

335 3469 422 3520 verbis
438 3470 526 3520 Diosc.
538 3469 590 3524 loe.
601 3471 646 3524 cit.
657 3470 697 3522 De
709 3489 790 3535 mure,
799 3472 846 3544 qui
891 3471 959 3522 Item
973 3471 1115 3535 Linnteus,
1130 3483 1226 3523 eontra
1248 3463 1380 3542 hydropho-

334 3543 401 3600 llore
420 3562 632 3619 purpureum,
653 3547 746 3604 eadem
761 3551 843 3605 lllaro.
889 3550 961 3603 biam
983 3549 1168 3612 commendat,
1193 3551 1285 3604 Mater.
1300 3541 1378 3598 medle-

332 3623 410 3696 Emp.
425 3626 546 3698 prodidit
557 3647 616 3700 cap.
632 3647 701 3696 rur,
717 3648 777 3702 pag.
795 3633 843 3686 δι.
886 3647 914 3700 p.
926 3633 975 3693 64,
987 3627 1030 3683 ed.
1041 3629 1185 3684 Subreber.
1196 3619 1378 3696 sedansgallidi.

331 3703 422 3760 Hirro.
887 3722 917 3762 ut
935 3723 977 3762 tot
990 3709 1058 3773 aliis,
1074 3722 1101 3762 et
1119 3707 1317 3762 vehementioris
1329 3699 1376 3769 qui·

370 3785 842 3858 4.Paracentesis.ltavocaturame·
885 3785 947 3841 dem
964 3789 1091 3854 eftectus,
1106 3789 1221 3861 plantis,
1242 3788 1292 3839 rim
1316 3789 1375 3835 tullo

328 3859 394 3918 dicis
406 3866 550 3920 curationis
567 3886 667 3938 genus,
682 3865 756 3940 qnod
769 3887 838 3939 pun·
885 3869 958 3920 malo
969 3869 1097 3940 imparem
1112 3865 1242 3921 credibile
1254 3877 1297 3918 est.
1307 3860 1351 3912 ΕΒ.

326 3943 415 3998 ctione
429 3945 459 3998 lit
473 3965 522 3999 acu
535 3949 653 4019 trajecto,
667 3961 697 4000 ut
711 3949 738 4001 in
753 3947 838 4000 sollu·
924 3965 950 4020 7.
964 3949 1028 4016 Qua.-
1041 3944 1123 4020 asyla.
1134 3947 1204 4013 Qun
1217 3946 1249 3998 sit
1265 3961 1304 4007 ea,
1317 3955 1372 3992 nu·

325 4023 399 4076 sione
415 4025 565 4079 oculorum:
579 4023 708 4082 titanum
721 4027 754 4080 ad
767 4028 836 4080 latus
881 4020 946 4080 dum
953 4025 1068 4080 herbarii
1075 4039 1186 4081 norunt.
1196 4023 1372 4078 tt.-ttecne

322 4103 449 4174 pupilla:
465 4103 527 4158 ideo
540 4125 596 4160 non
606 4109 716 4168 κίνησις
733 4107 835 4180 sinipli·
879 4095 1370 4182 sepoeeuntdessriptiooirdelettussss
