2925 5009
247 460 269 541 s
521 454 559 521 o.
587 454 754 523 estun
778 454 884 521 uta.
912 454 1041 521 nist.

214 626 227 658 2
248 570 377 684 piadem
394 588 617 659 centesimam.
636 588 689 656 Sic
708 587 840 657 coronis
853 610 872 655 e
887 585 1025 655 floribus
1044 588 1200 680 receptis,
1216 588 1319 717 paulo

246 719 326 767 mox
336 694 477 778 subiere,
492 707 738 788 quaevocantur
748 692 941 788 AEgyptiae7,
951 716 991 761 ac
1001 692 1121 761 deinde
1136 680 1316 773 hibernaeffi

247 824 350 897 quum
377 816 466 869 tetra
490 800 589 870 flores
611 815 734 895 negat,
769 813 920 868 ratncuto
951 824 971 867 e
1001 799 1158 869 cornibus
1187 801 1317 870 tincto.

249 907 474 1002 paulatimque
492 920 526 975 et
543 908 659 975 Romae
681 906 848 1000 subrepsit
862 904 1055 1001 appellatio,
1079 905 1211 975 corollis
1229 908 1319 975 inter·

248 1016 339 1083 initia
358 1027 494 1109 propter
512 1010 728 1108 gracilitatem
749 1013 952 1082 nominatis:
974 1037 1051 1080 mox
1070 1026 1105 1081 et
1118 1012 1319 1098 corollariis,

249 1128 424 1214 postquam
446 1144 464 1187 e
486 1116 608 1188 lamina
632 1142 716 1189 aerea
739 1119 828 1187 tenui
854 1121 1003 1187 inaurata
1028 1133 1087 1187 aut
1111 1122 1319 1213 inargentata

249 1225 423 1296 dabantur.

215 1404 226 1439 ¹
302 1336 362 1402 tv.
380 1322 461 1425 (nr.)
477 1334 615 1401 Crassus
635 1331 747 1417 dives,
766 1333 893 1425 primus
914 1347 1053 1426 argento
1074 1355 1223 1426 auroque
1241 1330 1320 1402 folia

248 1442 406 1527 imitatus,
416 1436 500 1507 ludis
512 1438 578 1507 suis
594 1462 735 1513 coronas
747 1437 857 1526 dedit;
867 1453 1143 1533 accesseruntque
1158 1452 1192 1507 ct
1204 1437 1320 1507 lemni·

249 1549 297 1619 sci
311 1545 428 1640 ¹,quos
435 1544 577 1638 adjici
568 1568 713 1638 ipsarum
740 1570 937 1614 coronarum
957 1545 1066 1614 honos
1085 1560 1156 1613 erat
1182 1558 1321 1639 propter

249 1658 407 1723 Etruscas
416 1649 598 1747 ²,quibus
587 1654 682 1746 jungi
698 1653 761 1719 nisi
781 1652 872 1719 aurei
889 1677 957 1743 non
975 1652 1149 1719 debebant.
1168 1652 1246 1719 Puri
1263 1650 1321 1719 diu

251 1760 378 1829 fuere
359 1784 389 1827 u.
411 1756 537 1829 Caelare
552 1782 610 1826 eos
625 1736 960 1867 primusinstituitP.
976 1743 1152 1828 Claudius³
1167 1756 1336 1851 Pulcher,-

251 1850 486 1959 bracteasque³
509 1866 608 1933 ctiam
623 1842 876 1959 philyraededit.

249 2024 344 2087 nectit,
359 2034 385 2075 et
399 2022 464 2075 texit
475 2039 595 2075 coronas
610 2020 650 2073 De
666 2020 765 2091 haupt
809 2020 897 2075 sciolte
919 2033 999 2085 suut,
1015 2021 1113 2092 quibus
1134 2020 1323 2075 lemniscorum

251 2116 325 2157 ctura
336 2120 382 2155 seu
395 2102 484 2154 tabula
500 2098 604 2154 dicetur
616 2100 699 2153 fusius
712 2101 764 2153 loc.
809 2100 892 2173 possit
903 2101 1047 2172 appellatio
1060 2101 1159 2164 tribui,
1169 2104 1211 2153 des
1226 2101 1323 2154 rubam.

250 2176 372 2255 ploxime
384 2182 428 2234 cit.
442 2180 533 2233 Hann.
810 2182 871 2233 Non
889 2180 1010 2245 coronis,
1030 2178 1076 2233 sed
1095 2193 1121 2233 et
1141 2181 1250 2251 palmis,
1264 2200 1324 2252 quae

292 2282 319 2333 7·
331 2262 474 2331 AEgjptioe.
487 2259 527 2311 Ex
540 2257 629 2323 edera,
638 2260 767 2324 narcisso,
810 2259 919 2332 premia
929 2260 1061 2314 Circensis
1070 2260 1197 2325 victorias,
1204 2261 1323 2314 lemnisci

252 2341 314 2395 mali
323 2342 428 2414 punicae
439 2338 560 2402 floribus,
568 2338 768 2411 aliisque,quas
810 2338 978 2395 addebantur
991 2358 997 2393 :
1011 2338 1082 2393 unde
1095 2352 1216 2411 utreque
1228 2342 1325 2395 lemni·

251 2420 395 2475 Athenaeus
407 2430 557 2477 enumerat,
573 2419 619 2471 lib.
634 2418 697 2485 XV,
706 2436 767 2489 pag·
811 2416 1093 2473 scattedictae.11aau.

254 2502 310 2571 679
327 2519 367 2570 sq.
384 2498 475 2554 Hsao.
854 2520 880 2553 ι.
901 2500 1006 2569 Propter
1030 2498 1159 2551 sirmas.
1180 2500 1324 2554 Tertullia-

295 2582 322 2634 8.
337 2579 461 2632 Hibernae.
473 2578 573 2643 Quales
583 2596 657 2631 nunc
671 2578 742 2631 liunt
753 2597 769 2631 e
812 2598 879 2642 nus,
892 2577 926 2632 de
938 2579 1002 2632 Cor.
1013 2578 1070 2631 mit.
1081 2580 1205 2633 Etruscas
1215 2577 1281 2633 duas
1292 2600 1325 2633 ex

252 2658 344 2713 charta
362 2659 433 2730 picta
453 2670 532 2730 atque
551 2656 673 2723 concisa,
691 2656 770 2710 flores
811 2676 892 2720 auro,
904 2658 1326 2730 queintriumplrisferebantur,

253 2738 414 2809 multiplices
436 2750 651 2809 repraesentante·
675 2737 768 2790 Iliun.
812 2736 954 2799 describit,
975 2737 1084 2791 alteram
1106 2738 1218 2793 civicam
1244 2758 1325 2811 quer·

254 2820 392 2872 -Immo
405 2830 431 2871 et
441 2836 474 2871 ex
484 2817 542 2870 lino
556 2818 673 2871 seriusve
685 2816 770 2869 textili
812 2836 893 2882 uam,
907 2819 1017 2871 alteram
1033 2818 1171 2872 victricem
1185 2820 1303 2874 laureum
1317 2839 1324 2871 ι

255 2898 394 2969 pictoque;
409 2896 450 2951 vel
461 2914 492 2950 ex
503 2897 599 2951 lamina
609 2896 770 2959 tenuissima,
817 2924 828 2945 ι
841 2898 990 2959 Coronant,
1002 2897 1091 2969 inquit
1098 2937 1107 2961 ,
1118 2910 1144 2951 et
1153 2900 1274 2969 publicos
1284 2919 1328 2953 or·

255 2996 335 3050 quam
349 2979 430 3047 vulgo
441 2988 537 3031 vocant
549 2975 656 3043 ustae,
667 2994 717 3047 pru
723 2979 770 3043 sa·
813 2976 890 3030 clines
905 2977 1002 3030 laureis
1019 2977 1134 3048 publicas
1155 2996 1239 3034 causas
1251 2999 1258 3031 ι
1270 2998 1326 3033 ma-

256 3078 304 3111 nau
318 3058 349 3109 de
362 3058 464 3109 baleiae.
478 3058 530 3108 En·
814 3056 937 3127 gistratua
958 3075 1023 3109 vero
1047 3058 1157 3128 insuper
1178 3061 1281 3123 aureis,
1297 3072 1328 3113 ut

296 3138 345 3190 IV.
365 3156 389 3191 t.
411 3136 537 3187 lemnisci.
551 3134 665 3190 Festus:
691 3160 701 3181 ι
722 3136 771 3187 Le·
814 3135 926 3189 Athenis
950 3148 978 3188 et
1005 3138 1108 3190 Romae.
1144 3138 1328 3191 Proeferuutur

257 3216 352 3271 mnisci
368 3228 429 3269 stant
445 3214 532 3268 fasciae
545 3214 653 3266 color-iu
670 3212 771 3283 depen-
814 3215 1155 3271 etiatntttistluuscattoc
1168 3218 1328 3272 vocabulum

256 3296 351 3351 dentes
364 3314 395 3349 en
408 3294 527 3359 coronis,
539 3290 612 3364 quod
622 3292 772 3365 antiquissi·
814 3308 853 3348 est
864 3314 1024 3349 wronarutu
1034 3335 1041 3362 ,
1051 3314 1116 3367 quas
1128 3299 1241 3367 gematis
1252 3313 1279 3350 et
1287 3299 1328 3351 fo·

257 3394 332 3429 mum
345 3376 396 3428 tuit
411 3392 495 3447 genus
508 3391 668 3427 coronarum
682 3373 771 3426 lanea·
813 3374 856 3429 liis
878 3394 910 3427 ex
929 3393 995 3429 auro
1016 3377 1164 3446 quercinis,
1180 3378 1216 3429 ob
1230 3378 1328 3430 lovem

256 3474 327 3511 aunt.
335 3481 347 3503 ι
365 3453 532 3526 Hesychius:
545 3451 712 3521 Δημιίσιιοιις,
723 3453 771 3514 τὰς
815 3455 930 3525 insignes
937 3454 973 3508 ad
982 3453 1150 3510 deducendas
1160 3468 1257 3521 tonsas,
1265 3476 1327 3510 cum

257 3533 346 3596 στινὰς
365 3534 521 3605 lapsanium
535 3532 640 3592 ταινίας.
656 3532 771 3605 Capitol.
814 3535 936 3607 palmatis
955 3534 1024 3606 togis
1042 3548 1188 3589 sumunt.»
1213 3540 1252 3589 Ac
1267 3556 1328 3590 rur-

257 3614 287 3670 in
302 3616 391 3677 Vero,
407 3631 465 3686 pag.
483 3613 518 3683 37
531 3634 538 3667 ι
553 3612 692 3667 ·Corouas
705 3614 771 3684 quin
815 3634 870 3667 sum
883 3614 1157 3685 :urtumptitaurea
1167 3614 1238 3669 loliis
1248 3617 1330 3669 strui-

258 3695 337 3748 etiam
351 3691 437 3757 datas,
447 3692 581 3745 lemniscis
592 3693 678 3747 aureis
690 3693 772 3747 iuter·
816 3706 876 3760 tur,
889 3695 944 3747 baso
956 3692 1132 3747 adumbratur
1144 3695 1330 3761 lemniscis,et

257 3772 360 3844 positia,
370 3784 396 3825 et
406 3772 768 3843 alicnitempurislloribus.·
816 3773 943 3827 inauratis
956 3773 1107 3837 laminulis,
1122 3775 1266 3845 unguentis
1281 3774 1329 3829 de·

258 3852 362 3922 Nempe
377 3849 411 3904 ad
426 3850 601 3904 imitationem
624 3854 771 3918 Veterum,
815 3852 1031 3919 libuitur,etc.·
1057 3856 1158 3907 Daue.

258 3950 288 3985 ex
304 3932 380 3984 lauro
402 3931 527 4003 foliisque
548 3947 621 3984 nexas
644 3950 771 3985 corona:
858 3932 883 3984 3.
897 3934 929 3986 P.
946 3933 987 3987 ct.
1001 3933 1115 3986 Pulcher.
1128 3934 1155 3986 Is
1165 3934 1211 4005 qui
1229 3952 1331 3987 cousu-

258 4011 357 4082 quibus
370 4010 490 4084 lemnisci
507 4010 580 4087 aurei
602 4010 703 4075 additi,
716 4015 772 4063 An·
816 4011 899 4064 laturn
909 4014 1002 4064 Romae
1011 4013 1090 4083 gessit
1099 4031 1160 4066 ann.
1171 4013 1206 4066 U.
1217 4013 1248 4065 C.
1262 4014 1330 4083 570,

259 4089 372 4163 tiquitus
387 4108 418 4143 ex
428 4108 493 4145 auro
502 4130 509 4157 ,
519 4108 591 4145 nunc
608 4109 622 4145 e
636 4092 719 4145 scrico
734 4091 773 4145 la·
817 4092 847 4147 L.
859 4092 954 4147 Porcio
966 4092 1069 4146 Licinio
1080 4093 1229 4164 collegamn
1236 4093 1329 4147 Fastis.
