2925 5009
318 408 382 489 tlm
676 406 949 476 EXCURSUS
980 407 1018 474 ll

347 524 427 591 Quod
441 525 557 597 primum
573 523 674 579 rsdioes
688 526 796 587 minet,
810 543 967 579 numerosas
984 525 1043 579 illas
1054 524 1153 579 babent
1166 537 1283 579 veteres
1297 532 1325 575 et
1340 522 1397 595 glo·

312 616 401 676 bosus,
423 624 452 665 ut
464 614 631 685 κεφαλόῥριζον
644 612 716 669 dicat
728 625 811 666 totam
826 614 945 685 plantsru
957 613 1157 687 Theophrastus
1173 614 1228 682 (ι).
1243 612 1293 665 0b
1305 629 1398 664 nume·

311 720 370 754 rum
381 702 509 773 insignem
521 719 613 755 eorum
624 702 825 754 tuberculorurn
836 700 970 754 radicibus
979 700 1138 754 adustorum
1148 700 1300 772 πολὺῥριῖον
1309 697 1399 770 appel·

310 792 346 843 lat
358 808 418 843 eum
430 790 596 862 Porphyrius
606 788 634 841 in
646 788 833 862 epigrsmnrste
841 787 958 861 quodam
965 789 1040 861 quod
1047 786 1398 853 servavitllnstatbius(s).

311 879 445 951 Oblougss
455 878 534 933 babet
545 876 724 941 Dioscorides,
736 876 867 931 rotundas
880 891 907 930 et
916 876 1058 951 glandibus
1069 878 1169 931 similes
1183 865 1243 948 Ι(3).
1256 876 1398 948 naporum

312 966 479 1019 modicorum
494 966 610 1038 speciem
622 984 677 1040 pras
691 984 719 1020 se
734 966 805 1019 serre
817 966 935 1029 Plinius,
950 966 1076 1039 usquein
1089 965 1142 1020 alia
1155 964 1215 1020 lere
1228 963 1333 1037 planta
1343 978 1399 1013 ma·

310 1059 396 1128 jurem
411 1054 613 1109 tuberculorutn
627 1052 712 1107 rudici
731 1052 930 1108 adnascentiunr
944 1072 1087 1108 numerum
1104 1052 1313 1119 animadverti,
1325 1060 1399 1103 outo·

311 1143 384 1215 ginta
396 1156 463 1217 seps
476 1143 556 1197 simul
572 1142 700 1197 acervatis
713 1142 803 1196 bulbis
814 1147 861 1211 (4).

348 1232 385 1285 En
398 1232 539 1303 singularis
551 1230 671 1283 radicum
684 1244 819 1286 structura
831 1231 865 1287 ad
883 1232 987 1285 nullam
1001 1233 1057 1285 lere
1071 1232 1151 1285 aliam
1170 1227 1400 1305 ssphodetom

312 1332 464 1373 nostrorum
484 1318 599 1391 speciem
621 1318 785 1391 applicanda
804 1334 861 1384 est,
877 1338 959 1393 quarn
976 1319 1012 1374 sd
1028 1340 1165 1381 ramosum,
1184 1338 1274 1391 quern
1297 1316 1399 1389 primus

310 1408 366 1463 fere
385 1406 535 1461 Dodoutsus
548 1406 586 1474 (5)
606 1407 684 1460 latius
698 1406 857 1481 descripsit,
873 1421 932 1479 post
945 1428 1011 1463 vero
1025 1407 1174 1463 dilucidius
1184 1404 1322 1481 exposuit
1335 1402 1399 1457 ctu·

312 1497 368 1552 sius
384 1498 440 1565 (6),
454 1496 598 1567 Murrayus
610 1504 699 1547 autem
719 1495 839 1549 uberiori
855 1494 1002 1552 illustravit
1011 1496 1203 1551 commentario
1218 1496 1275 1568 (7).
1289 1489 1400 1546 lladioes

313 1586 370 1657 ejus
385 1583 497 1637 omnino
511 1599 679 1649 numeroso,
697 1582 831 1652 bulboste,
845 1585 1007 1639 fasciculatu
1025 1598 1106 1649 suut;
1125 1586 1221 1639 ruben
1243 1577 1398 1653 suquiptl·

314 1671 411 1735 maria,
435 1668 601 1743 epidermide
619 1672 721 1725 brunes
735 1672 845 1733 vestita,
863 1672 967 1726 interne
987 1672 1096 1727 sordide
1112 1674 1199 1738 lutea,
1215 1687 1309 1726 carne
1324 1678 1397 1720 em

313 1760 468 1834 spongias,
483 1756 571 1812 medio
583 1759 754 1831 compectiori
763 1774 970 1832 componuntur.
978 1760 1132 1815 summitati
1143 1758 1248 1815 radicis
1258 1756 1396 1812 adlata-ent

313 1866 399 1920 scopu
412 1848 537 1901 librsrurn
553 1847 684 1901 siccarum
701 1865 731 1900 er
747 1847 817 1901 loliis
829 1858 857 1901 et
871 1850 991 1921 squamis
1006 1848 1167 1903 radicalibus
1180 1846 1324 1901 usmidis
1339 1842 1394 1896 lit·

315 1954 418 1989 merum
432 1953 525 1988 eorum
538 1934 738 1989 tuberculorum
751 1934 818 1989 sdeo
836 1937 972 2008 ingentem
985 1936 1132 2010 aliquando
1148 1937 1254 1991 invenit
1274 1930 1391 1993 Clusius,

313 2024 378 2080 dum
393 2023 554 2097 Olyssipone
573 2022 703 2095 Hispulim
718 2023 939 2095 proficisceretur,
950 2036 982 2079 ut
994 2038 1082 2080 arstro
1097 2038 1186 2079 erutos
1198 2026 1286 2079 nnius
1298 2020 1393 2094 plani!

314 2115 369 2169 lere
383 2112 514 2167 ducentos
528 2124 572 2165 sut
584 2112 675 2185 plures
689 2111 845 2165 tuberculos
856 2126 1025 2178 numeraret,
1034 2126 1192 2187 putaretque
1203 2115 1249 2167 rel
1261 2111 1391 2185 quinqu-

315 2203 389 2275 ginta
403 2201 483 2255 libros
495 2200 654 2272 pependisse
668 2210 749 2252 totam
763 2198 891 2271 plantam·

352 2295 450 2345 cautam
461 2308 507 2345 seu
521 2310 623 2359 scopum
634 2308 690 2345 esse
699 2290 876 2343 bulbosarum
886 2291 942 2345 lere
949 2292 1112 2355 maximum,
1121 2291 1330 2365 'lbeopbrastus
1339 2286 1387 2354 [dlv

313 2374 426 2431 cubitali
444 2376 573 2447 majorem
596 2392 651 2427 esse
672 2372 874 2446 proceritatem,
895 2374 1055 2429 scholiastes
1068 2375 1207 2430 'l'beoeriti
1227 2378 1287 2445 (9),
1309 2369 1389 2424 duum

315 2468 370 2519 lesu
384 2462 535 2519 cubitorum
545 2460 661 2524 Plinius,
674 2459 856 2515 luriuscnlum
865 2479 922 2514 esse
929 2462 1109 2527 Dioscorides,
1117 2462 1240 2536 amplum
1253 2474 1281 2517 et
1291 2472 1386 2533 pum

314 2554 464 2625 lovemque
486 2550 591 2605 Plinius
609 2550 698 2603 relert.
716 2547 887 2621 Tripedalem
906 2552 1019 2605 omnino
1039 2552 1212 2607 observamus
1229 2564 1342 2625 scapum
1361 2543 1386 2595 lu

315 2640 471 2717 Aspbodelo
492 2656 615 2705 ramoso,
630 2639 773 2711 glaucum,
789 2648 923 2702 erectum,
943 2642 1080 2705 strictum,
1102 2653 1219 2706 tectum,
1232 2642 1281 2695 ubi
1301 2633 1386 2690 nudus

316 2742 373 2799 est;
386 2728 541 2803 angulatum
553 2746 635 2791 vero,
649 2726 694 2780 ubi
708 2725 819 2779 lloribus
831 2728 938 2801 tegitur.

351 2820 422 2873 Eum
435 2818 537 2870 csulern
546 2829 646 2869 veteres
657 2814 742 2868 Greci
752 2816 869 2888 ἀνθέρικον
883 2816 978 2889 passim
990 2819 1134 2891 *rccsbsnn
1142 2832 1188 2874 aut
1202 2821 1314 2891 Μίραι
1324 2814 1384 2885 (to),

348 3124 384 3189 (ι)
400 3123 458 3169 llist.
474 3122 548 3167 Plant.
558 3120 664 3175 tinvtt,
681 3136 734 3183 esp.
748 3136 790 3175 ta,
806 3136 830 3183 p.
844 3119 905 3175 865,
921 3120 958 3165 ed.
970 3119 1055 3165 hodsi.

348 3224 383 3286 (a)
398 3218 697 3279 uusuu.inouyu.x1.
711 3217 769 3278 57³,
787 3233 811 3278 p.
827 3216 887 3263 rsus

348 3320 383 3384 (3)
398 3318 450 3367 Lib.
460 3318 496 3371 ll.
512 3330 565 3377 ctp.
578 3328 633 3377 199,
649 3330 673 3376 p.
688 3315 739 3376 159.

348 3416 384 3483 (l)
399 3416 450 3463 Lib.
460 3414 531 3467 xxi,
548 3426 600 3474 etp·
614 3428 648 3471 17·

348 3514 383 3577 (5)
399 3513 471 3573 Stirp.
482 3510 542 3556 illst.
555 3516 643 3570 peropt.
655 3508 691 3561 ll¹
708 3506 750 3554 lib.
764 3506 801 3561 ll,
817 3521 868 3568 cap.
881 3522 909 3569 9,
924 3523 948 3568 p.
960 3506 1012 3553 aod.

348 3609 383 3673 (6)
398 3606 487 3658 llrrior.
499 3606 572 3668 plrrtt.
583 3593 717 3651 histonlib.
729 3602 766 3657 ll,
782 3618 833 3664 cap.
847 3602 891 3668 39,
907 3620 930 3666 p.
944 3602 995 3665 196.

349 3708 384 3771 (7)
399 3708 530 3756 comment.
543 3718 596 3749 nor.
608 3702 713 3762 Gotting.
730 3701 775 3746 vol.
786 3702 834 3755 vt,
850 3718 875 3763 p.
887 3703 925 3762 37,
935 3718 953 3747 s.

350 3806 385 3869 (Β)
400 3806 456 3851 Luc.
467 3804 506 3847 cit.

350 3907 386 3969 (9)
401 3902 471 3963 idyll.
485 3903 518 3956 A,
535 3916 557 3945 v.
573 3900 610 3947 52.

350 4000 527 4065 (10)Hippocr.
545 4011 608 4045 coac.
622 4010 720 4057 praessg.
737 4012 761 4042 n.
777 3996 830 4051 501,
846 4012 870 4057 p.
886 3996 937 4059 198.
954 3998 1042 4061 Capitis
1057 3998 1120 4047 enim
1133 3999 1248 4049 fracturss
1261 4002 1293 4049 ita
1307 3998 1379 4062 espid-

320 4099 371 4131 rare
378 4082 462 4143 jubent
474 4077 516 4125 Cui
527 4075 624 4131 medici,
639 4086 665 4121 ut
674 4069 793 4140 drllptscs
805 4085 846 4122 aut
856 4070 964 4140 νάρθηκα
976 4077 1085 4125 dentibus
1099 4080 1209 4142 corripiat
1222 4096 1297 4145 ager,
1310 4080 1377 4140 bap·
