2925 5009
350 422 417 494 188
611 426 650 495 C.
676 427 841 496 PLINII
866 425 980 495 Nau.
1007 424 1137 492 HIST.

311 562 453 653 tctique
472 573 619 629 nonest.
643 559 813 646 Dederat,
835 582 917 657 quas
937 544 1109 644 diximus⁶,
1130 555 1247 627 molles
1265 558 1416 653 cibisque

342 679 462 761 gratas.
478 668 632 736 Pinxerat
645 668 789 737 remedia
807 668 841 738 in
854 666 1007 750 floribus,
1028 668 1165 759 visuque
1189 666 1264 760 ipso
1284 669 1415 735 animos

343 774 554 854 invitaverat,
579 774 677 843 etiam
703 772 830 843 deliciis
852 772 972 842 auxilia
993 774 1206 866 permiscens.
1232 774 1414 867 Exoogita-

343 878 408 947 vit⁷
423 877 548 973 aliquas
560 894 696 974 aspectu
709 881 870 975 hispidas,
885 893 976 949 tactu
998 893 1124 963 truces,
1139 893 1176 946 ut
1192 892 1324 947 tantum
1348 904 1415 947 non

346 1010 461 1055 vocem
484 985 585 1080 ipsius
603 985 758 1083 lingentis
777 986 863 1072 illas,
886 988 1113 1079 rationemque
1133 983 1302 1054 reddentis
1319 1008 1415 1053 exau·

343 1090 416 1160 dire
432 1091 615 1179 videamur,
633 1118 728 1163 nese
747 1093 905 1189 depascat
925 1092 1021 1162 avida
1039 1090 1246 1186 quadrupes,
1274 1116 1318 1159 ne
1337 1116 1413 1186 pro-

345 1220 440 1266 eaees
462 1222 579 1267 manus
601 1200 747 1294 rapiant,
767 1225 810 1269 oe
830 1198 980 1295 neglecta
1007 1199 1144 1293 vestigia
1169 1197 1345 1284 obterant,
1374 1224 1414 1267 ue

349 1301 492 1372 insidens
515 1303 583 1375 ales
610 1305 799 1401 infringat:
825 1306 876 1375 bis
904 1304 1084 1375 muniendo
1111 1303 1253 1389 aculeis,
1276 1303 1415 1399 telisque

345 1408 524 1493 armando,
542 1398 711 1481 remediis⁸
729 1427 768 1481 ut
778 1426 849 1481 tuta
865 1436 904 1482 ac
920 1410 1010 1481 salva
1029 1410 1413 1506 sint.1taboe'quoque,

345 1514 436 1609 quod
453 1516 489 1583 in
506 1516 545 1585 iis
559 1516 709 1604 odimus,
724 1518 899 1587 hominum
914 1542 1013 1588 causa
1030 1518 1256 1612 excogitatum
1275 1532 1337 1587 est.

314 1654 325 1684 ι
399 1624 494 1690 Vlll.
512 1616 610 1716 (vn.)
631 1621 731 1694 Clara
748 1626 781 1693 in
804 1626 919 1719 primis
937 1622 1159 1693 aculeatarum
1181 1622 1327 1718 erynge¹
1350 1639 1413 1704 est,

346 1729 417 1797 sive
437 1730 618 1823 eryngion,
645 1744 761 1799 contra
782 1728 968 1827 serpentes²
988 1744 1022 1800 et
1039 1744 1200 1799 venenata
1223 1732 1339 1799 omnia
1360 1752 1412 1798 na·

348 1860 452 1903 scens.
467 1834 637 1905 Adversus
649 1838 734 1906 ictus
756 1822 967 1931 morsusque³
983 1836 1077 1905 radix
1097 1836 1168 1929 ejus
1190 1836 1321 1906 bibitur
1342 1836 1412 1906 dra·

345 1941 453 2011 cbmae
470 1940 618 2035 pondere
635 1944 670 2011 in
681 1945 779 2012 vino:
798 1958 855 2014 aut
868 1946 895 2013 si
909 1928 1103 2039 plerumque
1115 1941 1195 2011 tales
1210 1944 1348 2037 injurias
1359 1968 1411 2012 co-

346 2049 523 2117 mitaturet
536 2047 648 2135 febris,
655 2074 799 2145 eraque.
807 2048 1069 2145 llliniturplagis,
1079 2048 1290 2144 peculiariter
1297 2049 1412 2119 effimx

345 2167 461 2224 eontra
474 2154 671 2249 chersydros
690 2181 730 2225 ac
752 2180 858 2226 ranas.
878 2156 1044 2225 Omnibus
1062 2180 1142 2225 vero
1169 2170 1288 2225 contra
1309 2157 1410 2225 toxica

344 2275 379 2329 et
392 2262 524 2329 aconita
533 2262 755 2332 efficaciorem
772 2260 963 2333 Heraclides
973 2261 1139 2345 medicus,
1152 2264 1186 2330 in
1201 2262 1278 2355 jure
1292 2264 1410 2332 anseris

345 2366 535 2449 decoctam,
556 2368 748 2438 arbitratur.
780 2368 1003 2465 Apollodorus
1025 2368 1183 2438 adversus
1202 2371 1318 2439 toxica
1338 2392 1408 2439 eum

346 2496 427 2542 rana
441 2472 615 2568 decoquit,
634 2476 743 2545 coeteri
760 2476 793 2544 in
810 2501 905 2571 aqua.
923 2462 1020 2571 lpsa⁴
1032 2473 1135 2560 dura,
1155 2474 1333 2557 fruticosa,
1351 2475 1408 2569 spi·

345 2581 435 2649 nosis
460 2578 562 2666 foliis,
590 2580 684 2651 caule
711 2582 921 2677 geniculato,
949 2580 1109 2667 cubitali,
1140 2596 1174 2649 et
1202 2580 1331 2675 majore
1358 2579 1407 2649 ali·

344 2701 491 2780 quanto,
506 2684 570 2755 alia
583 2686 752 2773 albicans,
765 2688 828 2759 alia
843 2690 953 2784 nigra,
971 2688 1081 2759 radice
1092 2686 1249 2772 odorata,
1263 2703 1302 2757 et
1314 2690 1407 2759 satim

343 2792 477 2887 quidem
494 2807 553 2863 est.
574 2794 688 2865 Sedet
708 2809 826 2890 sponte
840 2781 1007 2865 nascitur⁵
1023 2797 1056 2863 in
1076 2794 1201 2888 asperis
1218 2808 1252 2863 et
1268 2795 1406 2864 saxosis:

346 2913 381 2969 et
399 2900 434 2969 in
451 2896 617 2970 littoribus
633 2900 886 2990 maris,durior,
900 2901 1108 2997 nigriorque,
1129 2898 1210 2969 lolio
1229 2904 1309 2995 apii.

383 3058 410 3108 6.
421 3056 491 3126 Quor
498 3054 611 3109 Aetam.
623 3056 684 3110 Lib.
694 3056 754 3109 XX.
763 3056 854 3110 Hiran.
899 3054 972 3127 quod
987 3056 1098 3109 cerulea
1110 3056 1198 3126 capitu
1209 3056 1298 3127 gignit
1308 3098 1316 3123 ,
1327 3056 1405 3109 statim

384 3154 411 3205 7.
419 3137 516 3205 Excog.
526 3134 574 3188 Gr.
583 3149 609 3188 et
620 3136 661 3188 At.
672 3136 790 3190 Indeexc.
802 3138 854 3191 Eo.
900 3136 968 3189 mori
993 3134 1192 3207 deprehensum
1220 3149 1277 3199 θεῖς
1302 3136 1406 3195 eodem,

384 3217 412 3269 8.
432 3214 559 3268 emedio.
573 3214 612 3269 Ut
622 3214 657 3269 ed
670 3213 786 3269 remedia
801 3234 856 3269 eer-
900 3216 940 3268 vel
952 3234 1036 3288 prope
1046 3228 1147 3269 tuntum
1158 3214 1404 3287 admoto,tanquaur

342 3282 477 3349 rarentui.
491 3294 584 3348 Hono.
900 3292 1074 3349 moribundas
1083 3294 1187 3366 jactari,
1201 3298 1405 3354 oontremisrerr,

383 3374 461 3427 V111.
485 3394 510 3429 ι.
533 3373 611 3427 Ctm
622 3378 647 3427 r'n
660 3378 746 3447 primis
758 3376 855 3427 aculeu-
900 3376 1006 3448 supinas
1020 3374 1112 3429 everti.
1134 3376 1234 3428 Dunc.
1253 3404 1295 3419 ·-·
1313 3376 1403 3429 Contu·

344 3466 422 3506 taram
431 3466 575 3525 eryngeert.
588 3454 632 3508 Sic
644 3454 760 3509 Oribarii
771 3456 854 3509 inter·
899 3453 1026 3509 Nicandr.
1039 3454 1067 3507 in
1081 3454 1163 3507 Ther.
1178 3472 1206 3524 p.
1222 3462 1258 3523 ⁴7
1272 3468 1299 3508 et
1313 3459 1361 3519 60,
1375 3448 1402 3505 nl

343 3552 420 3605 pree,
433 3534 490 3598 Xl,
515 3552 542 3604 p.
571 3552 637 3605 197,
658 3547 720 3606 post
734 3536 855 3589 Dioscor.
899 3532 926 3587 id
936 3538 1038 3606 ἤρυγγον
1051 3534 1152 3605 pariter
1167 3533 1344 3587 commendat.
1357 3532 1402 3584 Ubi

343 3614 400 3677 111,
415 3618 474 3677 24:
494 3602 612 3684 ἠρύγγιον
632 3622 681 3667 τῶν
705 3610 854 3668 navatem
900 3614 988 3668 schot.
1000 3634 1027 3686 p.
1044 3612 1079 3665 30
1092 3616 1229 3684 ιῆρυῃος,
1246 3614 1339 3678 steen
1352 3612 1403 3673 res.

344 3694 407 3755 ίςιν,
422 3704 475 3747 ete.
490 3692 611 3745 Diximus
623 3692 658 3747 de
670 3712 703 3747 eo
717 3694 857 3765 superiore
901 3695 936 3748 Et
951 3713 979 3765 p.
1000 3694 1036 3763 39
1055 3712 1062 3746 :
1081 3694 1199 3764 ἦρυηος,
1212 3688 1280 3755 εἶδος
1303 3694 1402 3761 λαχάνου

343 3771 392 3824 lib.
406 3788 464 3843 erp.
484 3772 530 3825 56.
547 3772 638 3826 Heln.
659 3804 698 3817 -
718 3774 856 3846 Eryngium
899 3769 1067 3835 ἀκανθῶδως.
1081 3772 1171 3826 Hero.

340 3851 441 3921 plum
461 3842 594 3918 (Pertund.
613 3852 698 3925 AEgpu.
720 3871 781 3924 gen.
797 3856 853 3909 668
940 3854 967 3908 3.
989 3854 1111 3907 Aduersus
1130 3856 1191 3905 ictus
1210 3870 1352 3926 morsusque.
1364 3848 1400 3904 sie

344 3930 416 3983 Pers.
432 3931 579 3997 Umbelliser.
592 3921 684 4002 Μαι).
697 3933 750 3986 En.
899 3934 988 3987 Diosc.
1004 3934 1060 3993 111,
1078 3938 1123 3997 ²4.
1137 3930 1225 3985 Hirro.

387 4028 412 4062 a.
435 4010 526 4065 Coum
536 4024 660 4081 serpentes.
673 4011 855 4065 Salamaudrar
941 4020 966 4077 4.
989 4014 1054 4084 [prm
1070 4013 1156 4066 Diosc.
1171 4012 1188 4063 l.
1204 4030 1228 4065 c.
1243 4008 1329 4061 Haeo.

342 4091 585 4165 aquaticaseryngii
594 4093 711 4161 montani
719 4104 853 4160 contactu,
940 4094 965 4146 5.
996 4093 1047 4146 Sed
1069 4106 1092 4145 et
1115 4104 1198 4163 sponte
1220 4094 1334 4155 nescitur,
1357 4098 1399 4140 eto.
