2925 5009
331 456 394 529 172
682 434 952 505 excussus
976 436 1041 503 ιιι

326 568 420 623 micat
429 604 436 629 ,
446 564 491 625 ὦς’
503 565 605 626 istiusce
619 568 816 637 ὀμιλογιυμῦιιις
828 567 1024 638 spernentesne
1037 566 1080 619 ssi
1092 562 1321 635 puupcssreraiecue
1335 558 1408 617 ιῖηι.

324 678 337 697 a
347 652 465 723 AEgyprti
482 650 641 707 medicinam
658 653 835 719 invenerunt,
843 671 898 705 non
911 671 970 705 eam
982 671 1042 723 quar
1052 651 1410 725 pericnloeisrnedioernen·

325 738 358 793 tis
371 740 472 803 utitor,
491 741 538 795 sed
558 742 708 812 ejusmodi,
722 760 784 813 qme
797 780 806 805 ‚
820 760 904 814 quum
922 760 998 815 eque
1017 753 1076 796 tuto
1095 742 1167 795 sumi
1184 740 1291 813 possint
1306 759 1343 793 ac
1357 740 1409 793 elsi

325 828 487 900 quotidiani,
506 840 590 883 tuntas
614 830 741 883 utilitates
759 830 877 895 babent,
895 840 927 881 ut
943 849 1023 883 nemo
1047 842 1145 902 neget,
1157 848 1203 883 eos
1216 828 1410 883 saluberrinis

327 936 382 970 esse
401 918 577 989 corporibus,
599 930 626 972 et
648 918 796 972 diutissime
811 919 933 973 virere.»
955 918 1210 982 lottheriorum,
1230 932 1260 970 ut
1276 916 1410 989 superius

326 1004 442 1060 diximus
451 1004 630 1072 ‚medicorum
641 1006 828 1079 sapientissimi
838 1008 890 1061 sub
900 1007 1053 1079 nepenthus
1061 1007 1315 1079 epigraphe‚etiam
1329 1007 1409 1076 Egy-

326 1094 458 1164 ptiorum,
473 1093 500 1147 id
514 1106 568 1157 est,
589 1096 744 1169 spagyrica‚
754 1106 786 1147 nt
802 1096 896 1163 siunt,
910 1107 977 1159 arte,
990 1095 1119 1149 nonnulla
1133 1094 1329 1157 medicamina,
1349 1109 1408 1165 qux

326 1180 399 1234 haud
413 1182 441 1234 in
456 1200 511 1233 rem
521 1194 680 1253 praesentem
694 1202 811 1255 sperno,
823 1181 870 1236 sed
882 1202 939 1236 non
951 1183 1003 1236 mei
1015 1183 1082 1249 juris
1097 1195 1137 1236 est
1150 1202 1180 1237 ea
1195 1183 1237 1235 rel
1246 1200 1406 1240 recensens

327 1269 367 1322 vel
379 1270 535 1341 approbare.
548 1271 656 1323 Praestat
673 1282 763 1322 tamen
781 1288 875 1323 eorum
889 1270 1076 1342 obtemperare
1088 1270 1213 1324 consiliis.

362 1357 540 1429 Subsequitur
556 1359 591 1411 ab
610 1358 711 1412 Helena
734 1358 871 1425 solatium,
894 1370 950 1411 tum
977 1359 1081 1420 forma,
1106 1372 1165 1412 turn
1188 1359 1357 1422 interventp,
1379 1368 1406 1409 et

327 1445 497 1499 allocutione.
508 1446 541 1500 Et
554 1447 686 1519 primum,
698 1458 753 1501 tam
762 1445 870 1499 illustris
883 1447 999 1513 femine,
1011 1449 1038 1500 in
1050 1449 1110 1519 ipso
1123 1447 1290 1501 tristitiarum
1305 1456 1406 1517 puncto

235 1552 240 1564 ¹
328 1534 492 1606 articuloque
507 1534 636 1589 adventus
651 1548 677 1589 et
690 1536 845 1608 presentia,
859 1535 927 1589 dilui
937 1537 1039 1591 luctntn
1057 1535 1199 1590 dulcedine
1212 1534 1349 1589 societatis
1360 1532 1405 1585 de·

328 1635 467 1676 monstrat.
479 1624 547 1675 Nam
563 1642 646 1696 quum
661 1624 758 1677 misero
771 1624 980 1677 instrumentum
994 1624 1086 1677 mortis
1098 1626 1133 1677 sit
1142 1622 1258 1677 solitudo
1268 1665 1275 1690 ‚
1287 1624 1337 1676 hic
1347 1638 1403 1673 toe-

329 1730 443 1783 gnopere
458 1730 517 1764 esm
526 1710 674 1766 cavendam
687 1729 744 1765 esse
757 1710 839 1765 Poeta
849 1710 957 1779 docuit,
973 1711 1092 1783 itemque
1102 1710 1181 1765 iliad.
1191 1712 1231 1765 vt
1240 1710 1274 1765 de
1284 1709 1404 1763 Bellero·

329 1800 430 1870 phoote
443 1800 525 1854 verba
539 1800 653 1861 faciens,
666 1798 708 1853 his
727 1799 833 1853 verbis:

489 1924 513 1987 lt
528 1954 566 1987 τοι
577 1937 589 1989 ὁ
603 1908 745 1989 ιιαππιδίοι
758 1937 800 1987 thu
812 1925 900 1991 ititss
917 1926 965 1995 sice
977 1934 1054 1987 ἀλᾶτο

489 2008 524 2076 ὃν
534 2025 607 2097 bupbs
618 2018 748 2088 rensidus,
759 2021 841 2077 πάτον
859 2020 991 2093 ἀνθρῶπιιν
1005 2021 1128 2075 dissitos.

329 2168 362 2221 Et
374 2178 403 2221 ut
415 2167 509 2257 Gicqro
521 2206 529 2233 ‚
541 2168 650 2223 Tuscul.
664 2167 711 2222 lib.
728 2168 788 2233 111,
802 2168 882 2222 vertit
895 2185 901 2219 :

483 2298 531 2355 Qui
544 2300 613 2343 miser
624 2298 648 2342 in
661 2296 750 2359 eampis
765 2311 864 2344 merens
879 2296 972 2343 erubet
982 2297 1046 2344 Aleis

485 2378 539 2439 lpse
550 2392 618 2423 sunni
630 2390 671 2422 cor
683 2374 769 2429 edens.
781 2374 904 2423 bominum
914 2375 1012 2438 vestigis
1022 2376 1109 2431 vitans,
1125 2386 1171 2423 etc.

330 2517 436 2573 Notavit
454 2515 526 2571 istud
538 2514 610 2569 idem
624 2514 739 2570 llutilius
753 2514 900 2583 Claudios,
918 2517 996 2589 cujus
1016 2536 1108 2571 sersus
1118 2516 1180 2569 itin.
1194 2516 1242 2570 lib.
1257 2518 1269 2567 l
1284 2534 1292 2568 :

485 2660 523 2705 Sic
537 2657 614 2704 nimiu
624 2656 679 2704 hilis
689 2657 798 2704 morbum
814 2656 939 2719 iniquavit
950 2658 1066 2705 Homerus

516 2733 723 2795 Bellerophonteis
740 2732 952 2780 sollicitudinibus:

486 2808 547 2855 ttam
555 2808 636 2867 juveni
647 2806 749 2862 ollenso,
761 2806 814 2853 sevi
823 2816 879 2869 post
892 2808 938 2854 tels
957 2807 1059 2862 doloris,

517 2886 609 2930 Dicitur
624 2883 753 2931 humanum
768 2880 914 2944 displicuisse
925 2897 1005 2945 genus.

331 3013 365 3066 Et
378 3012 517 3084 quamvis,
532 3018 631 3083 χρυσοῦν
647 3010 696 3064 leri
715 3013 821 3085 πρᾶγμα
834 3010 939 3082 lpapic,
952 3029 1032 3063 aurea
1046 3029 1084 3062 res
1093 3012 1214 3070 rodendo,
1236 3011 1269 3065 sit
1278 3009 1326 3081 qni
1336 3023 1388 3062 can

332 3097 482 3171 Antiphide
491 3110 604 3162 asseret,
619 3112 646 3153 et
657 3097 806 3170 prudentes
816 3098 1003 3171 sapientesque
1017 3097 1068 3150 viri
1080 3098 1241 3153 confirment
1256 3104 1332 3164 (nem
1345 3096 1390 3146 hoc

334 3208 365 3243 ex
379 3186 547 3259 philosophis
560 3187 661 3240 luorum
674 3223 683 3250 ,
698 3188 777 3259 juxta
791 3184 859 3239 illud
874 3186 1056 3250 Antisthenis,
1077 3188 1105 3239 τὸ
1120 3185 1237 3240 muna:
1256 3190 1330 3256 torp
1345 3187 1388 3252 ὀμ·

334 3280 398 3342 λιῑν,
422 3295 500 3349 posse
519 3294 580 3329 oum
600 3275 741 3349 semetipso
759 3274 886 3343 vauri).
907 3293 937 3327 re
950 3293 1012 3328 vera
1029 3287 1116 3328 temen
1129 3275 1159 3327 in
1171 3275 1227 3346 ipsa
1241 3272 1391 3330 wtimdioe.

330 3379 376 3421 aut
388 3366 471 3429 deus,
484 3376 530 3418 aot
544 3363 648 3431 bellua,
668 3375 698 3417 ut
714 3363 766 3417 dici
780 3362 866 3417 solet:
884 3382 968 3436 φιιιιιι
982 3362 1139 3437 hujusmodi
1152 3363 1290 3436 quidpisnr
1305 3363 1352 3423 sit,
1364 3366 1388 3409 ut

332 3456 418 3508 bonos
437 3472 527 3507 mcum
539 3452 631 3506 vivere
643 3451 752 3517 docent,
771 3452 846 3506 malis
858 3452 982 3524 improba
997 3454 1087 3505 omnia
1100 3451 1281 3524 persuadeat,
1296 3462 1321 3505 et
1336 3448 1388 3501 tine

333 3542 406 3595 vitiis
419 3541 611 3595 obbrutesoant
626 3539 687 3593 suis.
701 3541 734 3593 In
747 3538 834 3595 luctus
848 3558 913 3593 vero
929 3538 1084 3607 egritudine
1094 3576 1103 3600 ‚
1115 3556 1201 3611 quum
1213 3539 1241 3592 in
1256 3532 1387 3591 tonoresit

334 3630 455 3689 animus,
479 3626 553 3679 baud
572 3637 661 3681 tutum
679 3627 761 3680 vitam
780 3626 876 3697 degere
893 3626 1036 3680 solitariam
1048 3644 1056 3679 τ
1067 3626 1132 3679 bino
1150 3624 1218 3678 illud
1237 3625 1339 3678 Seneca
1357 3628 1387 3673 est

240 3768 247 3783 ,
335 3718 439 3791 epistol.
454 3714 481 3767 X
494 3733 501 3769 :
514 3716 684 3785 “Lugentem
704 3716 893 3785 timentemque
914 3713 1049 3769 custodire
1069 3714 1197 3776 solemus,
1215 3731 1251 3766 ne
1263 3709 1386 3766 ιιοῑίιιιιιίιιε

335 3806 406 3859 male
418 3814 518 3855 utatur.
528 3828 540 3849 ι
564 3802 624 3855 Non
645 3803 726 3875 igitur
742 3801 862 3855 martit
874 3800 1023 3873 hospitibus
1035 3802 1135 3855 Helena
1147 3839 1155 3864 ,
1169 3820 1258 3874 neque
1271 3802 1297 3853 iu
1310 3793 1385 3873 prinis

336 3890 459 3945 interluit
473 3890 572 3961 epulis,
587 3890 634 3945 sed
649 3902 708 3963 post
727 3891 850 3943 excitatas
866 3889 969 3961 Ulyssis
987 3888 1241 3943 commemoratione
1254 3889 1383 3961 lacrymas,

343 3998 360 4031 n
375 3997 468 4033 eorum
483 3989 653 4051 conspectum
667 3980 741 4033 venit
752 3999 759 4032 ι
771 3975 902 4050 siqnidem
916 3989 947 4031 ut
960 3978 1099 4031 Philemon
1111 3977 1236 4036 Comicus
1251 3976 1358 4036 dicebat,

638 4131 708 4147 .....
723 4094 786 4147 ἐπάν
801 4112 837 4154 τις
853 4092 963 4163 τυγχάνῃ
976 4094 1125 4163 λυπούμενος
