2925 5009
419 470 581 537 rauna
605 470 733 539 xxii.
1040 468 1106 567 ⁸87

70 624 256 695 quacumque
276 598 408 670 meran
433 604 468 670 in
487 600 624 696 periculi
653 602 749 687 sede,
771 602 923 697 quamvis
945 603 1109 699 ignobiles

69 707 239 801 mleque,
257 707 421 777 honorem
434 708 580 779 nobilem
593 708 759 779 faciebant
772 736 781 779 :
795 709 886 805 quod
900 708 1001 781 latere
1017 712 1108 807 apud

67 836 115 881 ans
128 815 227 883 minus
238 813 375 908 quidem
389 814 502 899 miror,
517 840 655 885 cernens
676 815 798 911 negligi
813 840 853 885 ea
869 841 1021 912 quoque,
1034 842 1109 912 qnae

67 918 315 989 alvaletudincm
335 922 615 1006 conservandam,
633 924 865 1017 cruciatusque
873 926 1023 1018 corporis
1037 950 1109 1019 pro

68 1024 237 1117 pvilsandos,
255 1042 291 1095 ct
312 1042 453 1097 mortem
473 1028 651 1098 arcendam
669 1031 846 1123 pertinent.
869 1030 935 1099 Sed
953 1033 1027 1125 quis
1040 1056 1108 1101 non

67 1133 228 1225 uorerjure
243 1133 407 1229 castiget?
421 1134 586 1205 Addiderc
597 1136 729 1206 vivendi
741 1137 846 1230 pretia
857 1135 990 1207 deliciae¹
1004 1137 1111 1208 luxus

68 1262 123 1329 que
138 1240 312 1335 Nunquam
336 1242 399 1311 fuit
418 1241 540 1337 cupido
562 1244 638 1313 vitae
666 1244 790 1338 major,
809 1268 872 1312 nec
892 1245 1001 1313 minor
1017 1268 1108 1315 cura.

69 1341 189 1415 lliomm
205 1347 295 1417 hanc
311 1372 423 1443 operae
437 1374 508 1419 csse
522 1349 687 1419 credimus
701 1376 709 1419 :
724 1375 768 1419 ne
780 1346 955 1419 mandato²
975 1349 1107 1443 quidem
1128 1382 1142 1415 ι

68 1465 158 1520 anuo
171 1452 249 1523 alios
266 1455 302 1523 id
314 1480 434 1549 agere,
446 1454 648 1549 medicisque
663 1458 832 1549 provisum
843 1480 914 1525 esse
928 1480 990 1549 pro
1002 1456 1107 1525 nobis.

68 1556 118 1648 lpsi
129 1558 261 1630 fruimur
281 1560 532 1656 voluptatibus,
552 1576 586 1631 et
599 1552 686 1656 (quo
700 1562 782 1633 nibil
797 1560 951 1655 equidem
970 1563 1109 1656 probro·

68 1664 118 1731 sios
127 1660 219 1753 duco)
228 1667 491 1737 vivimusaliena
501 1668 630 1737 fiducia.
643 1672 752 1737 Immo
762 1692 841 1737 vero
851 1666 1016 1762 plerisque
1023 1668 1111 1737 ultro

71 1770 144 1839 mam
156 1774 260 1843 irrisui
271 1799 390 1843 snmus
403 1776 465 1845 ista
475 1788 755 1857 commentantes,
764 1790 864 1868 atque
878 1773 989 1843 frivoli
1002 1776 1112 1871 operis

72 1878 237 1970 arguimur:
260 1866 416 1975 magno³,
436 1906 625 1976 quanquam
645 1882 796 1951 immensi
814 1879 956 1963 laboris,
975 1880 1112 1967 solatio,

73 1986 156 2073 sperui
168 2011 241 2055 cunr
255 2012 369 2056 rernm
389 2002 528 2057 natura:
547 2012 645 2081 quarn
666 2003 756 2057 certe
775 2012 842 2056 non
862 1986 1005 2056 defuisse
1018 1989 1113 2057 nobis

72 2084 252 2175 docebimus,
276 2109 311 2163 et
329 2096 442 2165 invisis
464 2120 596 2189 quoquc
613 2094 725 2163 herbis
747 2095 922 2163 inseruisse
944 2094 1111 2163 remedia:

73 2197 168 2291 quippe
180 2225 280 2293 quum
295 2200 476 2270 medicinas
495 2198 623 2270 dederit
634 2203 734 2270 etiam
751 2200 918 2269 aculeatis.
934 2202 1112 2270 Haecenim

74 2304 194 2390 proxime
210 2322 338 2377 restant
356 2332 395 2375 ex
415 2307 482 2392 his,
500 2332 581 2401 qums
600 2308 703 2401 priori
724 2296 829 2376 libro⁴
847 2309 1112 2393 nominavimus,

74 2404 98 2471 in
111 2410 311 2508 quibus-ipsis
330 2413 571 2508 providentiam
592 2430 718 2483 natnrae
739 2416 817 2483 satis
836 2400 979 2499 mirari⁵,
994 2414 1117 2509 ampie-

104 2590 154 2645 llll.
177 2613 200 2647 ι.
219 2596 346 2649 Addidere
361 2596 459 2649 eimedi
477 2598 556 2666 pretio
643 2614 669 2649 a.
689 2596 729 2649 Ne
741 2596 864 2649 mandato.
876 2597 1003 2667 Maiores,
1017 2598 1114 2669 inquit,

75 2666 145 2723 delicie
157 2664 299 2745 (sicorim).
314 2678 374 2729 Hoc
388 2673 557 2729 Geleniode-
601 2676 682 2727 nostri
718 2678 846 2745 regebant
873 2676 923 2747 ipsi
952 2674 1116 2729 valetudines

76 2746 154 2804 benun
176 2754 250 2810 HSS.
274 2770 302 2809 et
320 2757 423 2828 priores
441 2774 448 2807 :
464 2759 555 2826 pretia.
600 2772 672 2818 cuer,
685 2767 710 2807 et
724 2773 877 2827 sumopere
892 2774 1117 2831 corameameese

76 2826 142 2883 lullo
158 2834 254 2889 melius.
276 2859 288 2879 ι
310 2834 448 2889 addidere
473 2836 557 2907 pretia
601 2832 750 2900 ducebant,
764 2835 945 2905 voluptatibus
960 2849 1115 2905 parcentes:

77 2908 198 2973 madi„
220 2916 248 2969 id
267 2930 323 2981 eet,
342 2935 455 2981 auxere,
481 2916 558 2986 plura
603 2932 675 2968 nunc
685 2914 711 2967 in
722 2913 848 2967 libidines
857 2914 1118 2987 nosinqurgitamus,

77 2986 205 3059 reddidere,
216 2995 314 3060 iecere,
328 3008 359 3049 nt
372 2998 456 3067 majus
470 3013 560 3067 operta
603 2993 668 3066 quid
682 2992 717 3047 cle
732 2993 894 3066 corporibus
908 2995 1005 3047 nostris
1019 2996 1065 3049 liat
1076 3015 1118 3049 se·

78 3071 234 3127 Busirem:
248 3076 349 3147 quippe
358 3094 441 3147 qnnm
455 3094 504 3147 per
517 3092 560 3129 eas
603 3074 676 3139 curi,
692 3074 766 3127 omni
779 3092 808 3127 en
825 3072 993 3145 providentia
1007 3074 1119 3135 medicis

80 3148 162 3203 nutn
178 3154 396 3228 commodiusque
415 3156 458 3227 agi
477 3154 560 3227 vulgo
603 3152 729 3226 delegata.
743 3154 784 3207 Ita
800 3166 871 3207 recte
888 3153 1041 3208 Gronovius
1053 3173 1061 3209 ε
1073 3156 1117 3212 cui

80 3239 171 3293 putetur.
192 3233 260 3288 Inde
281 3236 339 3300 illa,
365 3253 446 3303 qnam
471 3236 560 3288 rtatim
603 3233 680 3289 MSS.
698 3235 780 3305 Rqu.
801 3234 964 3303 etColbert.
980 3252 1012 3287 ac
1025 3234 1116 3291 chiffl.

82 3320 149 3367 flvtrt·
162 3313 254 3383 cupido
270 3316 338 3369 vitre.
360 3316 445 3367 Pretio
464 3314 561 3368 vivendi
603 3313 702 3366 lavent.
715 3314 808 3367 Huc.
985 3338 993 3351 ·

81 3382 232 3447 blandimenta
251 3396 322 3447 vitae.
346 3395 448 3449 Plinius
468 3394 561 3465 junior
645 3392 671 3445 3.
693 3394 797 3463 Μαρια.
810 3392 879 3459 Quis
890 3394 961 3447 enim
971 3391 1042 3445 idem
1053 3394 1119 3465 pati,

81 3460 115 3517 bb
126 3468 150 3533 l,
159 3472 230 3542 epist.
248 3492 281 3527 ra
297 3492 328 3527 :v
342 3472 393 3527 Sed
406 3488 459 3528 tam
471 3474 560 3545 longa,
603 3471 676 3543 quod
691 3486 784 3525 natura
797 3491 902 3540 rernm,
912 3484 1022 3544 gravae
1035 3473 1119 3528 lereti

83 3554 123 3597 tan
133 3548 213 3621 iniqua
228 3552 375 3609 valetudine
388 3554 562 3609 conflictaba-
604 3549 696 3605 tirso.
710 3582 743 3595 -
759 3552 870 3621 Magno.
883 3590 890 3603 .
904 3553 1017 3605 molatio.
1032 3552 1118 3607 Groa.

84 3632 124 3691 lt,
142 3642 168 3681 nt
185 3631 238 3687 bec
259 3646 330 3687 tanta
349 3634 435 3707 pretia
451 3632 561 3687 vivendi
604 3630 1117 3701 cratonenara.m,m...sonna.nn

86 3708 158 3759 nonis
181 3714 322 3767 redonibus
344 3715 524 3768 vincerentur.
545 3738 556 3761 ι
647 3718 673 3775 d.
690 3712 759 3781 Quas
766 3716 844 3780 priori
855 3712 925 3768 libro.
938 3712 1062 3766 Proxime
1075 3732 1119 3768 sn·

85 3780 154 3839 Gran.
169 3818 206 3831 -
222 3794 349 3846 reddidere.
365 3795 456 3847 Vitam
475 3794 562 3847 iecere
605 3791 714 3863 periuri.
728 3788 818 3843 Hinc.

86 3862 188 3921 wionem
205 3869 315 3939 deliciae,
333 3892 417 3944 quum
436 3872 562 3929 valetudo
647 3870 673 3925 5.
694 3870 762 3924 Satis
774 3871 893 3923 admirari
903 3870 1060 3943 amplectique
1070 3891 1120 3934 non

87 3942 142 4008 nim
152 3964 226 4015 parvo
245 3967 388 4019 concuret,
401 3955 488 4009 obviis
502 3954 562 4008 uni·
605 3963 643 4004 est
652 3941 702 4020 (sic
713 3943 800 4022 prins)
820 3951 1012 4005 Vossianua's
1023 3956 1120 4023 mirari,-

87 4022 163 4095 ffllqne
181 4032 269 4084 morbo
290 4032 500 4097 medicamentis,
519 4034 561 4086 vel
606 4044 636 4085 ut
649 4049 672 4085 c.
691 4050 723 4084 ιι
743 4048 777 4083 :·
792 4032 830 4085 Ut
841 4050 896 4085 non
909 4032 943 4085 eit
956 4032 1046 4086 mirari
1059 4031 1122 4097 utiq

90 4102 239 4163 ”Morum
253 4126 391 4183 proventu.
403 4110 495 4165 lirun.
607 4110 744 4183 ingenium
758 4112 825 4186 ejus.
840 4138 851 4159 ι
870 4110 961 4166 Gaas.
