2925 5009
207 488 404 557 Exuvl.
430 490 497 555 DE
523 488 713 557 RESINA
739 488 800 555 ET
826 488 949 556 Ptcts.
1049 486 1114 563 501

62 610 143 671 una,
158 606 270 661 lenrinis
283 626 339 661 non
353 624 466 679 prorsus
478 608 623 673 ebsimilie,
641 606 689 661 sed
705 606 788 678 meeis
807 606 911 661 obtuse.
930 606 1038 671 Flores,
1057 609 1119 665 isci-

60 700 139 767 pieete
149 696 239 761 meio,
256 696 287 751 in
301 694 413 749 summis
428 696 538 749 ramulis
553 696 705 751 recemetim
722 708 902 767 congeretur
911 696 1118 769 stemiuei,per·

60 794 233 855 pememtes,
245 784 367 837 steriles:
380 784 480 854 species
494 786 566 837 enim
578 802 638 855 ques
648 784 750 837 fructus
762 783 1047 855 prolest,sterniuibus
1060 801 1120 839 οιιι-

61 872 200 925 eluceret.
213 872 333 925 Fructus
341 872 495 925 recemstim
505 872 585 926 etiem
597 882 744 927 nuscuntur
753 870 930 934 subrotnudi,
939 870 1006 925 dues
1017 872 1121 927 veltres

59 958 130 1013 linere
139 960 227 1032 longi,
240 978 306 1013 cum
317 970 380 1012 teste
394 960 592 1015 membranecee
602 971 812 1031 purpurascente
824 961 866 1013 sel
878 958 1118 1023 flevssceute,sub-

58 1046 261 1120 summio·
281 1058 307 1100 et
323 1046 442 1101 minore
460 1046 587 1101 obducte.
606 1046 685 1103 Teste
703 1058 793 1103 sutem
811 1048 1017 1121 unicepeuleris,
1034 1048 1120 1103 inenis

59 1151 126 1206 sepe,
138 1134 266 1188 nucleum
286 1134 406 1187 continet
417 1133 604 1187 medullosum.
620 1134 652 1187 ln
666 1132 754 1187 Gallie
763 1134 930 1189 llerbonensi
943 1136 1068 1208 lrsqesru
1077 1156 1120 1191 os·

59 1222 129 1275 currit
137 1240 145 1287 ς
154 1235 181 1276 et
192 1223 223 1276 in
236 1222 304 1277 siles
316 1220 417 1275 Veleue
433 1222 502 1277 circs
517 1222 697 1295 llonspelium
709 1240 742 1275 er
759 1222 903 1277 vulneretis
913 1224 1069 1279 terebintbie
1082 1238 1121 1279 te·

58 1310 227 1365 rebintbineru
239 1310 325 1363 linere
337 1310 489 1365 observavit
502 1310 638 1365 Lobelius.
656 1310 687 1363 ln
701 1309 788 1365 insule
796 1309 867 1363 Cbio
875 1328 953 1365 secus
960 1312 1017 1366 viss
1024 1326 1122 1385 sponte

60 1399 170 1461 netu,
185 1412 214 1453 et
223 1399 433 1453 t‘eeebintbinem
447 1397 555 1453 abunde
566 1397 653 1453 fundit
664 1416 795 1465 cressem,
808 1417 824 1454 e
838 1397 954 1453 cendido
964 1400 992 1453 iu
1003 1400 1121 1457 colorem

59 1488 238 1542 subcernlenm
250 1499 420 1560 vergentem,
436 1489 539 1561 saporis
552 1499 578 1543 et
592 1486 683 1541 odoris
697 1488 753 1540 lere
770 1499 926 1560 expertem,
938 1486 1064 1545 dentibus
1076 1492 1121 1547 eie
1212 1474 1218 1483 ’

60 1568 284 1633 mutem,
308 1589 369 1643 qun
394 1571 471 1625 lecile
488 1570 644 1637 induretur,
670 1582 699 1623 ut
723 1570 823 1625 cleriss.
842 1572 1049 1629 Tourneiortius
1069 1576 1119 1631 sb·

59 1676 169 1718 severit.

87 1749 288 1805 Vindemiarum
303 1764 423 1823 tempore
432 1750 562 1823 quosdetn
576 1750 710 1805 folliculos
720 1770 768 1805 seu
778 1752 907 1805 sesicules
916 1752 985 1807 loliis
999 1764 1024 1806 et
1033 1772 1121 1807 remu·

61 1838 249 1895 lisinbermtes
262 1840 379 1912 promit,
396 1840 487 1911 queles
499 1841 553 1893 fere
572 1840 599 1893 iu
616 1839 680 1891 ulmi
695 1840 765 1893 loliis
778 1850 934 1900 nescuntur,
953 1840 1001 1895 sed
1022 1842 1121 1913 pellido

62 1938 99 1978 ent
115 1940 328 2001 pnrpueeseente
345 1928 452 1982 colore:
472 1927 606 1982 interdum
626 1928 707 1981 etiem
724 1928 852 1983 extremis
868 1930 949 1983 urnis
965 1930 1081 2004 oblongo
1095 1946 1121 1987 et

62 2015 215 2089 mitilepinee
228 2016 367 2071 corniculo
384 2028 511 2089 quotuor,
525 2016 657 2090 quinque,
668 2036 714 2071 sex
727 2015 827 2089 digitos
839 2030 886 2071 eut
899 2018 1017 2091 emplius
1029 2020 1123 2093 louge,

62 2104 124 2157 veris
132 2106 217 2160 lortue
228 2106 425 2171 excrementis,
438 2106 572 2173 rubentis,
581 2124 697 2159 concere
711 2126 717 2161 :
730 2124 802 2179 ques,
812 2106 880 2161 sicut
889 2106 1002 2161 folliculi
1012 2148 1021 2176 ‚
1030 2122 1123 2183 eperte

62 2190 176 2248 lentorem
187 2194 335 2267 quemdem
348 2192 743 2265 contineredeprebenduntur,
751 2196 796 2247 cui
805 2200 931 2267 permiste
940 2208 1003 2249 sunt
1015 2198 1122 2253 cineres

63 2294 84 2333 et
92 2280 225 2354 fuliginosa
238 2296 411 2337 excremento
426 2294 507 2355 etque
516 2282 612 2355 exigua
623 2280 779 2337 enimslcule
793 2283 873 2337 elets.
884 2282 988 2337 llorum
1001 2286 1122 2341 cornicu-

64 2366 139 2423 lorum
147 2372 327 2425 meminerunt
339 2388 432 2434 ornnes
445 2370 500 2423 iere
511 2370 558 2442 qui
576 2369 610 2424 de
626 2368 678 2422 bec
691 2370 789 2423 erbore
805 2369 977 2441 scripserunt.
990 2372 1066 2427 Nihil
1075 2392 1117 2427 eu·

64 2466 107 2509 teu
119 2458 189 2513 eliud
201 2471 277 2527 sunt,
294 2472 326 2511 ut
343 2458 439 2515 loanni
451 2458 518 2511 lleio
528 2454 642 2521 videtur,
658 2476 740 2529 quem
750 2459 935 2513 excrescentia
947 2459 1071 2533 quodem
1083 2462 1120 2515 sle

65 2541 155 2599 inseetis
170 2547 233 2602 lolio
247 2561 273 2599 et
285 2547 408 2599 surculos
421 2544 664 2617 compungentibus
678 2556 703 2597 et
718 2542 818 2599 ibidem
833 2563 884 2600 ove
903 2564 950 2600 sue
966 2545 1123 2619 deponenti·

65 2630 237 2700 bmesritste,
252 2648 282 2691 ut
294 2634 435 2689 metricum
450 2652 497 2687 seu
511 2646 648 2687 uterorum
667 2632 726 2687 loco
743 2633 776 2689 iis
789 2634 938 2689 inservient
955 2634 1077 2691 fovendis
1096 2648 1123 2691 et

67 2720 237 2788 excludendis,
250 2722 413 2795 lacubusque
422 2722 501 2776 editis
516 2720 618 2775 alendis
636 2734 662 2775 et
676 2720 855 2793 protegendis,
866 2724 933 2777 mire
947 2736 1049 2779 neturss
1060 2746 1121 2797 pro·

68 2807 176 2865 sidentis.
188 2812 221 2865 ln
234 2813 287 2866 illis
296 2824 386 2865 temen
400 2811 525 2865 folliculis
535 2822 579 2864 aut
589 2810 731 2863 corniculis
744 2830 800 2864 non
813 2811 948 2881 colligitur
959 2812 1063 2876 resine,
1075 2814 1122 2869 sed

67 2916 92 2949 ee
100 2899 174 2972 ligno.
187 2902 275 2955 Arbor
288 2901 345 2972 ipse
359 2900 428 2953 sicut
437 2914 463 2953 et
476 2900 587 2972 relique
603 2898 747 2953 resinilerss
758 2910 819 2972 post
828 2900 1047 2971 germinationem
1058 2902 1122 2956 inci·

68 2983 152 3043 duum
162 3002 219 3044 tom
232 2992 261 3043 in
276 2988 407 3053 caudice,
422 3003 479 3043 tum
497 2989 523 3042 in
536 2989 617 3043 remis
634 3008 641 3043 :
656 3000 682 3043 et
698 3006 729 3041 ex
738 2988 896 3042 vulneribus
913 2990 1000 3043 resine
1015 2989 1123 3045 distillet

70 3076 167 3143 μὶιιιιιιιι
180 3076 297 3151 liquide,
310 3095 371 3149 que
384 3075 482 3131 deinde
493 3076 617 3148 paulatim
630 3075 784 3147 inspissetur
797 3087 823 3129 et
834 3076 938 3129 erescit.

97 3164 255 3240 hupierus
270 3164 305 3219 de
318 3164 494 3219 terebinthina
509 3163 615 3219 Persice
629 3165 793 3217 metrtionctu
809 3163 874 3217 lecit
894 3162 970 3236 epud
981 3165 1122 3221 orienteles

71 3254 169 3323 reputo·
180 3253 359 3319 usitatissime,
369 3253 476 3325 Cyprio
492 3272 545 3307 oon
559 3250 698 3313 dissimili,
708 3270 767 3323 ques
780 3251 916 3323 colligitur
925 3252 954 3305 in
967 3253 1079 3324 petrosis
1091 3274 1123 3309 ec

70 3336 161 3395 <lectis
177 3342 307 3395 montium
328 3340 475 3394 recessibus
490 3340 560 3393 circe
578 3338 763 3395 Schmecbiem
780 3337 891 3404 lledies,
904 3337 1052 3393 Scbiresem
1063 3342 1126 3395 Per-

70 3424 128 3495 sidis,
139 3430 165 3483 in
175 3430 315 3484 Luristeno
331 3441 358 3482 ct
372 3428 482 3483 Lnrensi
501 3427 656 3493 territoriis,
670 3438 695 3480 et
708 3427 855 3499 presertim
868 3426 895 3481 in
910 3440 1017 3499 petroso
1035 3444 1125 3485 monte

70 3512 127 3569 sites
137 3522 214 3587 Hujus
233 3536 333 3590 pegum
348 3516 497 3580 celebrem,
516 3534 569 3569 unu
589 3514 665 3569 diets
681 3514 805 3569 dissitum
819 3518 928 3584 Sjt'rcso,
944 3516 991 3569 ubi
1009 3518 1124 3572 terebin-

71 3601 100 3654 ui
111 3622 167 3667 sen,
185 3619 214 3659 ut
228 3606 279 3668 eit,
293 3606 411 3678 pistacia
427 3605 559 3659 silvestres
579 3594 694 3675 copiose
710 3615 865 3657 nuscuntur.
878 3606 983 3659 Accolss
993 3606 1125 3678 liquorem

70 3691 214 3757 museum,
225 3692 271 3765 qui
294 3692 337 3747 vel
359 3710 390 3745 ex
408 3692 503 3745 erbore
516 3691 632 3745 seuciete
646 3689 797 3763 prolicitur,
808 3691 851 3745 sel
862 3710 895 3745 ee
905 3692 980 3745 ιίιιιίι
994 3691 1125 3767 nodisque

71 3777 176 3853 stirpium
187 3780 413 3853 putrescentibus,
423 3792 548 3834 currente
561 3779 654 3852 Syrio,
667 3791 763 3852 sponte
773 3791 927 3852 promeret,
940 3781 1077 3853 copiosum
1087 3804 1127 3836 ex-

72 3865 163 3935 cpont
175 3870 323 3941 Exceptum
337 3868 468 3940 liquorem
482 3884 575 3939 perum
589 3868 712 3939 lenteque
722 3880 852 3941 coquunt,
859 3880 1001 3941 sutequern
1012 3870 1124 3927 ebullire

74 3950 178 4027 incipiet,
191 3955 399 4013 effundendum.
414 3956 455 4011 lte
466 3956 636 4029 refrigeretur
651 3956 720 4029 picis
731 3956 799 4012 albet
811 3958 928 4011 colorem
941 3968 967 4011 et
980 3958 1126 4015 consisten-

76 4038 126 4095 tiun
134 4045 220 4101 relert.

102 4130 174 4205 llujus
183 4134 368 4192 terebinthina
380 4132 451 4207 epod
466 4133 611 4193 orienteles
625 4134 739 4207 populos
753 4152 831 4197 usus,
844 4134 933 4207 iuquit
942 4136 1126 4207 llemplerus,

965 4218 1028 4295 323
