2925 5009
235 482 238 489 ·
327 474 397 521 rao
583 456 624 524 C.
652 456 827 525 PLINII
852 446 964 524 Nat.
992 458 1121 525 llIST.

318 570 545 679 mangonicis⁵
570 584 734 657 venalitiis
759 585 900 682 pulchre
924 602 1033 657 note:
1060 612 1136 681 quse
1158 615 1179 657 e
1197 590 1289 659 vino
1310 588 1399 659 dulci

318 689 401 761 illita
409 676 434 778 ⁶,
449 693 656 787 pubertatem
676 709 826 781 coercet,
840 708 875 766 et
888 720 957 763 non
974 696 1098 789 patitur
1113 720 1311 790 erumpere.
1322 698 1400 765 Tor

317 798 461 867 minibus
476 815 510 868 et
524 800 741 869 araneorum⁷
760 801 926 871 morsibus
940 802 1070 871 resistit.
1083 802 1228 871 Urinam
1242 799 1397 896 impellit

317 906 445 975 Contra
468 920 637 1002 serpentes
665 922 701 976 et
719 892 949 1003 scorpiones⁸,
976 907 1220 1002 morbumque⁹
1249 911 1399 1001 regium,

317 1035 429 1081 semen
447 1011 517 1103 ejus
538 1037 615 1083 cum
637 1014 802 1085 abrotono
820 1014 930 1083 datur.

263 1146 295 1180 -ι
369 1118 530 1189 XCVIII.
551 1117 718 1213 Lychnis¹
732 1145 866 1215 quoque
890 1121 1043 1193 flammea
1067 1118 1123 1189 illa
1148 1118 1319 1189 adversus
1336 1142 1399 1187 ser

316 1236 451 1317 pentes,
475 1227 687 1321 scorpiones,
704 1228 901 1316 crabrones,
916 1224 1117 1320 similiaque,
1131 1226 1262 1294 bibitur
1281 1250 1303 1294 e
1319 1225 1398 1293 nno

316 1330 441 1399 semine
461 1331 549 1401 trito.
570 1332 737 1403 Silvestris
754 1333 870 1403 eadem
893 1333 1066 1403 stomacho
1086 1332 1222 1401 inutilis.
1249 1326 1399 1401 Alvum²

317 1434 423 1505 solvit.
449 1436 502 1505 Ad
519 1437 758 1510 detrahendam
776 1438 876 1509 bilem
895 1422 1147 1510 efficacissima³
1169 1438 1309 1509 duabus
1326 1437 1397 1507 dra·

316 1542 431 1613 chmis.
456 1534 712 1639 Scorpionihus⁴
734 1546 820 1615 adeo
842 1546 1026 1631 contraria,
1048 1559 1086 1615 ut
1103 1546 1245 1615 omnino
1266 1548 1343 1615 visa
1358 1567 1396 1612 m

316 1663 516 1743 torpescant.
535 1650 693 1723 Radicem
710 1653 781 1747 ejus
800 1653 912 1723 Asiani
927 1650 1054 1722 boliten
1073 1666 1198 1722 vocant
1213 1677 1222 1719 ε
1239 1676 1313 1747 qua
1332 1647 1396 1719 alli

317 1769 394 1850 gata
413 1754 533 1839 oculo,
554 1756 725 1853 albugines
742 1758 811 1829 tolli
830 1759 998 1829 dicuntur.

284 1882 295 1912 ¹
368 1864 494 1932 XCIX.
507 1856 649 1954 (xxvii.)
660 1866 705 1933 Et
721 1865 997 1960 vincapervinca,
1014 1867 1085 1935 sive
1097 1859 1393 1958 chamaedaphne,

317 1968 410 2037 arida
429 1982 503 2039 tusa
524 1970 715 2065 hydropicis
734 1971 833 2040 datur
852 1972 887 2041 in
903 1994 1007 2067 aqua,
1030 1969 1197 2041 cochleari
1216 1992 1391 2051 mensura,

317 2074 553 2169 celerrimeque
573 2077 719 2149 reddunt
735 2102 867 2174 aquam.
885 2078 1010 2147 Eadem
1034 2078 1173 2149 decocta
1198 2078 1233 2146 in
1261 2078 1391 2155 cinere,

317 2205 430 2277 sparsa
451 2183 552 2266 vino,
574 2198 722 2253 tumores
742 2187 854 2254 siccat.
876 2185 1021 2253 Auribus
1039 2208 1140 2255 succo
1158 2182 1328 2253 medetur.
1342 2176 1392 2249 At·

315 2284 417 2358 vinis²
439 2288 592 2384 imposita
608 2287 750 2361 multum
767 2291 925 2389 prodesse
945 2290 1078 2360 dicitur.

358 2462 383 2517 5.
397 2462 617 2535 Mangonieis.1ta
633 2466 708 2521 MSS.
723 2484 828 2521 omnes.
915 2486 941 2536 9.
957 2466 1123 2537 dividuntque.
1137 2463 1228 2517 Diosc.
1250 2475 1281 2518 et
1296 2460 1387 2517 Galen.

316 2542 443 2597 Venalitii
459 2557 520 2597 sunt
533 2544 684 2599 venditores
696 2559 761 2600 teste
771 2540 829 2600 No·
873 2544 1034 2600 abrotonum
1046 2564 1102 2597 non
1116 2542 1268 2597 adsciscunt
1282 2562 1290 2597 :
1304 2538 1350 2595 sed
1359 2535 1387 2591 id

315 2624 378 2689 nio,
391 2640 449 2695 esp.
461 2644 488 2690 a,
501 2642 577 2679 num.
592 2644 661 2695 9¹9·
674 2626 828 2681 testimonio
872 2626 971 2687 solum,
984 2625 1109 2696 ἰκτερικοῖς
1117 2619 1219 2677 diderat
1227 2625 1272 2677 obs
1282 2623 1345 2693 οἴνῳ.
1353 2618 1386 2671 Η.

315 2702 399 2775 ipsius
422 2702 561 2757 Ciceronis
580 2704 608 2757 in
627 2724 685 2759 eam
707 2724 765 2758 rem
785 2706 829 2760 ad·
913 2704 1043 2759 XCVIII.
1063 2722 1087 2757 r.
1108 2704 1221 2775 Lyelmis.
1237 2704 1282 2757 De
1298 2718 1350 2773 qna
1363 2714 1385 2751 e.

316 2780 407 2836 datto.
418 2782 571 2855 Mangoniri
580 2783 732 2838 venditores
745 2800 829 2853 erant,
877 2804 919 2840 ro.
940 2784 1029 2837 Habet
1050 2782 1143 2836 eadem
1164 2780 1315 2836 Dioscorid.
1331 2778 1383 2835 111.

315 2863 492 2935 negotiatores
500 2864 830 2939 mancipiorum‚quipue·
875 2870 938 2929 114.
956 2862 990 2917 lt.
1004 2892 1045 2905 -
1056 2864 1143 2917 Nobis
1161 2875 1200 2917 est
1217 2863 1384 2933 Agmtem

315 2961 360 2995 ros
372 2943 526 3015 puellasque
534 2984 543 3009 ,
561 2962 615 3016 quo
631 2944 735 2998 facilius
748 2944 828 2998 rendi
872 2947 1008 2997 coronaria.
1022 2944 1075 2997 En.

316 3034 441 3093 possent,
455 3022 569 3077 artilieio
584 3023 701 3096 quodem
717 3042 828 3096 compo·
914 3046 940 3078 a.
955 3024 1055 3076 Anum.
1075 3020 1224 3077 Dioscorid.
1245 3016 1381 3088 111,115.

317 3119 399 3169 nere,
414 3116 494 3175 atque
508 3105 605 3157 horum
623 3117 727 3157 aetatem
742 3118 831 3175 tegere
916 3104 945 3157 3.
955 3105 1002 3158 Aa
1009 3102 1180 3155 &bahadam
1192 3102 1262 3154 bitem
1271 3100 1383 3173 4βωύ-

317 3182 456 3251 pubertate
466 3183 582 3237 coercita
593 3182 831 3251 solebant,utven·
874 3186 943 3236 sima.
959 3182 1010 3236 l’er
1023 3184 1112 3236 alvum
1123 3182 1240 3251 scilicet,
1252 3180 1322 3236 zati
1334 3198 1382 3233 sat·

318 3260 457 3315 dibiliores
467 3274 560 3316 essem.
576 3264 666 3317 Hann.
872 3263 937 3317 λίαν.
950 3260 1039 3316 Diosc.
1050 3264 1070 3317 l.
1082 3281 1106 3315 c.
1119 3264 1210 3319 Haeo.

359 3344 386 3397 6.
400 3342 463 3415 Qun
477 3362 490 3394 e
509 3346 568 3395 ‘uino
581 3342 649 3396 dulci
660 3342 725 3395 illita
738 3341 828 3399 Diosc.
915 3350 942 3408 4.
959 3342 1265 3414 ὃσοφίοιιίὂω.ὓῑοεοοτ.
1278 3342 1330 3395 Ιοο.
1339 3336 1379 3390 cit.

318 3422 368 3489 IV,
379 3420 427 3489 63,
447 3420 482 3475 de
494 3420 583 3477 radice
591 3422 727 3495 hyacinthi
740 3440 747 3478 t
759 3414 782 3477 Η
792 3443 829 3488 τις
872 3436 934 3495 post
942 3421 1107 3476 Nicandrum
1121 3423 1149 3475 in
1162 3422 1245 3479 Ther.
1258 3440 1321 3493 pag.
1333 3420 1379 3481 64,

318 3503 360 3555 σὺν
376 3502 431 3574 olrp
442 3506 650 3557 καταπλασθιῑσαι
665 3508 743 3576 λευκῷ
762 3497 830 3565 (vel
872 3504 948 3575 cujus
964 3515 990 3555 et
1003 3502 1095 3557 Schol.
1107 3500 1170 3554 vide
1185 3521 1213 3574 p.
1231 3508 1276 3565 41.
1295 3500 1378 3553 Ham.

317 3578 419 3653 γλυκιῖ)
436 3582 476 3635 tet
496 3580 605 3647 cnidus,
622 3580 725 3644 dadinus
748 3586 827 3652 captiv
914 3581 1013 3638 XCIX.
1039 3598 1065 3636 1.
1087 3580 1289 3651 chamaedaphne.
1315 3578 1378 3630 vin·

318 3664 476 3725 πιπίςιυται.
491 3660 584 3717 Galen.
604 3662 658 3716 loc.
675 3662 720 3717 eit.
735 3663 759 3715 lv
772 3663 828 3734 οϊνῳ
873 3660 1086 3734 sempervincam
1110 3680 1159 3714 nos
1179 3659 1289 3733 quidem
1312 3650 1380 3729 ,put

319 3754 429 3795 tantum.
446 3742 536 3795 liano.
874 3738 1061 3795 Dioscoridem
1102 3741 1182 3794 etiam
1219 3734 1379 3812 daphnoides

359 3840 386 3891 7.
422 3822 584 3875 Araneonrm.
612 3821 828 3895 Phalangiornm.
873 3821 962 3875 vocari
982 3820 1113 3891 legimus,
1137 3818 1184 3874 sed
1199 3839 1254 3873 non
1273 3821 1377 3873 chame·

319 3900 438 3956 Dioscor.
453 3896 677 3974 pala-{polianus
691 3904 785 3973 spuit.
797 3902 833 3957 Η.
878 3900 1013 3971 daphnen.
1022 3900 1136 3953 Fallitur
1144 3900 1188 3954 hic
1197 3900 1308 3954 Plinius.
1314 3900 1375 3949 Dm·

359 3982 384 4034 8.
405 3982 496 4034 Contra
512 3994 630 4051 serpentes
642 3994 667 4035 et
681 3987 831 4055 scorpiones,
919 3999 944 4033 s.
959 3981 1065 4035 Alonis.
1082 3980 1188 4045 Quibus
1203 3978 1326 4033 videlieet
1342 3973 1375 4028 tl·

318 4074 368 4117 oto.
382 4060 503 4115 Dioscor.
521 4060 572 4117 loe.
588 4062 632 4116 cit.
647 4060 738 4117 Haeo.
875 4080 924 4115 vus
938 4072 977 4115 est
991 4058 1084 4115 fluida.
1097 4060 1193 4117 Hsan..
