2925 5009
328 441 398 488 auo
602 420 639 487 C.
666 420 969 491 PL1N111tAT.
998 420 1121 487 lllST.

326 553 461 647 ponitur
474 566 506 621 et
527 550 712 647 podagris¹²
733 579 813 623 cum
829 555 969 648 caprino
986 576 1077 638 sevo,
1098 574 1245 645 ceraque
1261 550 1393 645 Cypn'a.

290 682 301 715 ι
379 660 457 727 ΧΧ.
477 657 662 729 Perdicium
673 656 694 748 ¹,
718 661 788 729 sive
810 660 1020 757 parthenium
1050 652 1152 745 (uam
1173 654 1393 726 sideritisalia

324 752 397 855 est)
410 766 560 835 anostris
570 764 675 835 herba
689 766 886 838 urceolaris²
899 780 1050 853 vocatur,
1059 765 1103 833 ab
1119 762 1191 833 aliis
1202 765 1394 845 astericuru,

325 870 408 945 tolio
435 870 547 941 similis
569 874 698 960 ocimo,
716 876 750 944 ni
775 876 842 945 rior
865 888 1011 956 tautum,
1042 896 1183 940 nascens
1204 872 1238 937 iu
1258 866 1394 962 tegulis,

326 979 569 1073 parietinisque.
588 978 746 1049 Medetur
785 1007 863 1051 cum
885 982 970 1050 tnicu
989 978 1065 1049 salis
1083 978 1163 1047 trita
1183 975 1298 1047 iisdem
1320 998 1394 1042 om·

326 1084 440 1171 nibus,
464 1084 586 1179 quibus
611 1083 763 1175 lamium,
787 1103 822 1158 et
847 1088 965 1157 ωάοιιι
985 1085 1110 1155 modo:
1127 1086 1208 1153 item
1237 1083 1392 1163 vomica,

327 1189 468 1262 calfacto
482 1216 582 1261 succo
600 1180 711 1287 potu⁴.
722 1194 788 1263 Sed
799 1209 917 1265 contra
928 1192 1081 1280 hulcera,
1096 1206 1211 1285 rupta,
1219 1188 1394 1283 lapsusque

326 1313 361 1376 et
382 1298 581 1393 praeclpitia,
610 1313 667 1373 aut
693 1286 946 1371 vehiculorum⁵
978 1300 1184 1381 suasiones,
1209 1294 1393 1390 singularis.

326 1389 459 1475 Verua⁵
473 1428 570 1475 carus
587 1404 706 1475 Pericli
725 1408 975 1477 Atheniensium
997 1406 1158 1501 principi,
1181 1427 1286 1497 quum
1308 1404 1337 1470 is
1360 1402 1394 1469 iu

326 1535 403 1581 arce
422 1509 583 1607 templum
603 1510 799 1600 edificaret,
820 1516 1041 1610 repsissetque
1064 1535 1166 1605 snper
1187 1507 1393 1579 altitudinem

327 1618 470 1713 fastigii,
502 1632 537 1687 et
562 1616 638 1687 iude
662 1620 848 1709 cecidisset,
881 1621 945 1690 hac
972 1618 1077 1692 herba
1100 1616 1221 1687 dicitur
1243 1630 1393 1694 sananss,

328 1737 510 1797 monstrata
528 1722 646 1795 Pericli
664 1729 828 1797 semnion
846 1728 1009 1797 Minerva.
1026 1727 1141 1814 Quare
1160 1718 1392 1819 parthenium⁷

326 1832 438 1901 vocari
458 1844 567 1925 cepta
589 1846 656 1919 est,
675 1836 928 1929 assignaturque
945 1834 975 1901 ei
994 1832 1072 1901 deae.
1095 1832 1159 1900 Hic
1173 1844 1224 1899 est
1239 1825 1393 1912 vernula,

369 2018 411 2055 aa.
425 2002 561 2073 imponitur
570 2014 596 2054 et
606 2003 733 2074 podagris.
747 2005 837 2058 Diosc.
881 2001 969 2075 dsgris
975 2014 1046 2057 certe
1052 2000 1146 2055 scribit
1152 1998 1309 2054 Scribonius
1316 2000 1390 2068 [arg.

324 2082 343 2133 l.
352 2100 375 2134 e.
384 2076 572 2154 Kalenda'ppac
582 2083 729 2155 οὺνιιιιρωιῇ
738 2086 838 2155 liucpip
882 2084 979 2155 Comp.
999 2102 1026 2154 p.
1051 2082 1126 2136 158:
1149 2106 1161 2129 ι
1181 2078 1224 2132 td
1246 2078 1390 2149 podagram

325 2160 485 2231 ἂνοληφθιὶι,
500 2162 516 2219 ἢ
530 2163 635 2233 τριγιῖῳ
651 2166 733 2224 ciart.
751 2164 837 2237 Apul.
881 2160 984 2216 caldam
998 2180 1060 2215 cum
1074 2162 1180 2214 fusore
1193 2172 1221 2213 et
1230 2172 1340 2212 tumore
1351 2176 1391 2210 ru·

323 2258 447 2313 quoque,
460 2258 485 2294 c.
500 2244 547 2297 81.
560 2242 650 2296 llsan.
880 2241 1013 2307 hicuud03
1036 2241 1168 2295 benefecit
1189 2238 1283 2310 primis
1300 2236 1390 2291 diebos

365 2320 425 2373 XX.
444 2338 468 2373 ι.
483 2320 627 2375 Perdics'uu.
641 2324 678 2375 Ex
691 2323 777 2375 tribus
788 2342 837 2376 uo·
880 2322 964 2375 lierba
977 2321 1123 2375 urceolaris
1137 2321 1220 2372 sitem
1230 2336 1323 2371 caseus
1330 2317 1390 2370 nol·

324 2399 456 2465 minibus,
469 2401 572 2473 iuquit,
586 2420 646 2474 quae
662 2402 775 2455 helxine
793 2422 838 2456 su·
880 2404 914 2455 lis
927 2420 1019 2455 recens
1030 2420 1079 2472 pes
1089 2419 1118 2453 se
1129 2420 1138 2453 ε
1149 2412 1240 2472 postea
1253 2398 1346 2451 herbe
1355 2416 1389 2450 sa·

323 2478 413 2552 perius
435 2481 569 2551 explicate
590 2482 713 2535 nonnulli
736 2484 838 2537 tribue·
880 2476 1388 2554 lispusillumsdmiscereoportet.·li.

323 2574 404 2625 runt,
416 2558 499 2614 herba
511 2561 611 2627 altera,
628 2562 772 2617 urceolaris
788 2580 836 2634 sp·
923 2569 949 2626 4.
971 2559 1314 2627 bramnucmiister.
1327 2558 1375 2610 uo.

324 2640 437 2713 pellata,
454 2639 510 2693 duo
526 2641 577 2694 sibi
595 2641 684 2695 varius
703 2642 837 2709 vindicat,
923 2638 1388 2710 5.Veascusm.1c0nemaufigao

323 2718 473 2789 perdicinut
481 2720 713 2793 partheniumque:
720 2724 838 2788 tertium,
881 2722 915 2776 tis
935 2720 997 2775 vide
1016 2722 1044 2773 iu
1057 2720 1173 2774 nummis
1190 2719 1386 2772 consularibus:

323 2818 420 2872 nempe
432 2798 564 2865 sideritis,
575 2802 657 2855 altera
670 2820 792 2869 rursum,
803 2801 837 2856 de
880 2820 897 2855 e
911 2820 992 2855 currat
1012 2799 1128 2863 excussi,
1143 2800 1171 2853 in
1185 2800 1247 2852 Not.
1262 2799 1277 2849 1
1293 2796 1387 2851 Rhodii

322 2896 376 2951 qua
388 2878 508 2933 dicemus
522 2881 609 2934 XXV.
625 2884 716 2937 Haun.
879 2880 916 2937 ad
927 2882 1012 2935 Scrib.
1026 2882 1105 2951 Larg.
1114 2899 1142 2951 p.
1158 2884 1223 2948 169.
1235 2878 1327 2932 nuo.

365 2980 391 3013 a.
412 2960 497 3012 Herba
513 2980 563 3014 ure.
584 2962 665 3016 Forte
684 2959 759 3034 quod
775 2973 836 3034 apta
921 2967 948 3016 6.
964 2962 1056 3014 Venta.
1070 2961 1141 3013 Plut.
1151 2959 1205 3013 hoe
1213 2959 1305 3031 ipsum
1313 2958 1388 3011 reiut

322 3039 358 3095 sit
371 3037 543 3112 detergendis
556 3042 650 3095 urceis.
661 3043 732 3096 Cave
747 3054 835 3095 nmen
879 3042 908 3094 in
919 3042 974 3097 vita
983 3041 1102 3101 Periclis,
1117 3058 1143 3110 p.
1160 3042 1215 3093 160
1225 3056 1233 3093 ε
1244 3058 1260 3091 a
1270 3038 1387 3091 Minerva

322 3118 445 3173 eamdem
459 3120 528 3177 hauc
541 3138 598 3174 esse
617 3140 679 3175 curu
699 3122 837 3193 superiore
878 3120 997 3176 remedia
1011 3120 1127 3174 iudicata
1144 3118 1224 3184 dicit,
1245 3120 1341 3190 quibus
1353 3127 1388 3169 est

322 3199 428 3253 helxine
455 3197 557 3253 idcirco
588 3200 737 3266 existimes,
760 3204 837 3272 cujus
879 3220 946 3273 puer
955 3199 1252 3271 sanatustpartheuium
1261 3210 1385 3251 ιιιοιιιιιι·

323 3276 377 3331 viru
393 3278 493 3350 pariter
509 3280 681 3334 abstersisses
699 3282 726 3335 in
746 3282 837 3336 vitreis
880 3296 936 3335 tum
956 3300 1010 3336 nou
1025 3280 1100 3335 dicit.
1118 3278 1171 3333 Sed
1186 3277 1257 3332 idem
1277 3280 1307 3331 iu
1319 3278 1386 3350 syn·

322 3359 390 3411 vasis
403 3358 520 3413 Galenus
533 3360 716 3427 commendat,
728 3360 763 3415 de
774 3362 835 3415 Fue.
879 3374 971 3415 mouet
990 3374 1112 3415 curatum
1134 3358 1247 3423 deinde,
1270 3372 1301 3412 ut
1319 3360 1386 3429 jutta

321 3438 411 3511 simpl.
426 3438 498 3493 med
510 3441 566 3504 vt,
579 3458 607 3511 p.
623 3440 686 3510 ¹73·
701 3440 837 3495 Dissimilis
879 3458 968 3495 arcem
985 3440 1067 3496 herbe
1080 3460 1111 3494 ea
1123 3452 1269 3504 cresceret,
1288 3436 1322 3490 ed
1335 3455 1385 3489 use·

321 3518 394 3571 enim
413 3520 551 3591 utriusque
568 3517 647 3574 facies
665 3521 708 3573 rel
727 3540 759 3573 er
779 3522 836 3593 ipsa
880 3521 992 3574 moriam
1004 3520 1044 3574 rei
1059 3520 1247 3593 sempiternam
1257 3540 1265 3571 ι
1275 3518 1329 3588 cepi
1343 3520 1384 3572 silv

322 3596 448 3651 foliorum
462 3600 563 3670 ligura,
578 3619 657 3671 quam
674 3600 779 3653 Plinius
791 3620 835 3655 ac·
880 3602 1007 3673 ἀκρόπολιν
1016 3603 1130 3672 puo'ptsss
1138 3600 1383 3671 captisssstocatp.

321 3691 412 3730 curate
427 3677 570 3745 describit,
583 3680 752 3750 intelligitur.
769 3680 836 3745 Quo
881 3685 949 3745 460.
966 3678 1054 3735 Hiar.
1067 3680 1199 3732 -Vemm
1213 3678 1298 3732 Gmu.
1311 3688 1337 3729 et
1345 3674 1383 3725 tl.

220 3762 226 3774 '
321 3756 356 3809 sit
371 3758 515 3813 urceolaris
530 3772 615 3813 tamen
636 3761 700 3825 ists,
720 3772 837 3813 statuere
877 3761 1052 3815 samaimssu.

321 3834 396 3889 haud
409 3838 527 3908 proclive
545 3851 591 3891 est.
612 3838 702 3893 lisso.
717 3870 757 3881 -
770 3836 833 3893 Vid.
920 3860 949 3911 7.
968 3841 1134 3893 Parthenium.
1152 3840 1197 3891 Est
1213 3838 1282 3891 euim
1297 3834 1383 3905 nupti·

322 3934 380 3987 sup.
395 3934 454 3988 cap.
468 3929 523 3970 not.
544 3938 567 3971 ι.
586 3920 637 3972 Eu.
878 3940 927 3984 νος,
941 3934 968 3974 et
979 3918 1103 3985 Palladis,
1118 3932 1145 3972 et
1155 3918 1264 3990 virginis
1274 3933 1379 3969 nomen

363 3994 390 4049 3.
411 3996 531 4049 Μιδιιιιν.
545 3996 669 4053 Medctur
688 3999 778 4070 itaque
792 4012 836 4052 tu·
880 4002 1041 4071 utlleptssds
1052 3996 1329 4070 etPalladistemplum
1338 4006 1382 4055 est.

322 4076 451 4144 moribus,
465 4076 598 4149 podagris,
607 4080 725 4151 aliisque.
737 4080 778 4133 ne
788 4098 836 4151 pu
879 4092 905 4133 et
917 4080 991 4135 loeus
1002 4080 1047 4134 ulai
1059 4078 1175 4153 virgines
1184 4078 1312 4133 habitant.
1323 4074 1356 4134 ll·
