2925 5009
566 435 726 504 LIBER
752 434 920 504 XXVII.
1206 429 1276 502 883

209 589 254 635 se
273 550 476 635 Decoctum³
496 564 569 659 ejus
585 567 788 662 strangurias
804 581 898 636 sanat
914 566 948 634 in
963 566 1042 633 vino
1057 563 1132 634 albo
1144 579 1277 659 potum,

207 671 321 740 addito
332 673 467 741 cumino
479 673 613 742 rustico.
629 673 754 743 Illitum
765 673 899 742 cohibet
908 659 1062 767 capillos⁴
1077 672 1275 742 defluentes:

208 793 268 846 aut
286 779 313 847 si
340 777 544 863 effluxerint,
574 795 715 874 reparat.
738 765 993 875 Alopeciasque⁵
1022 778 1138 848 densat
1162 778 1277 846 tritum
1355 868 1359 874 Ι

208 898 243 953 et
265 886 299 953 in
319 883 394 954 oleo
414 884 543 954 illitum.
562 889 798 956 Sternumenta
820 908 952 980 quoque
973 899 1106 978 gustatu
1129 899 1251 954 movet.

257 990 677 1062 CX11.‘II1alitruum¹folia
690 992 857 1064 coriandri
866 993 976 1078 habet,
985 993 1158 1087 pinguiora
1166 988 1277 1086 paulo,
1300 1027 1310 1060 1

209 1096 338 1167 caulem
361 1101 545 1193 papaveris.
574 1101 731 1170 Nascitur
758 1100 897 1194 ubique,
924 1100 1091 1194 praecipue
1119 1103 1154 1169 iu
1182 1120 1277 1166 cam-

207 1205 383 1298 pestribus.
404 1204 584 1274 Medentur
602 1205 793 1278 hulceribus
815 1206 892 1277 folia
913 1231 988 1276 cum
1011 1204 1118 1274 melle.

261 1313 390 1380 CXIII.
405 1310 558 1406 Ililaspi¹
579 1312 724 1383 duorum
746 1337 903 1410 generum
925 1326 992 1398 est,
1009 1315 1156 1406 angustis
1176 1311 1276 1397 foliis,
1298 1355 1309 1384 1

207 1415 332 1512 digitali
349 1417 554 1512 longitudine
567 1432 601 1487 et
617 1420 790 1490 latitudine
806 1422 840 1489 iu
856 1434 976 1488 terram
992 1420 1112 1502 versis,
1127 1421 1161 1487 in
1176 1443 1277 1488 cacu-

207 1525 299 1592 mine
312 1523 442 1613 divisis,
456 1523 619 1596 cauliculo
634 1525 842 1620 semipedali,
859 1551 928 1595 non
939 1525 1009 1595 sine
1020 1524 1153 1610 remis',
1169 1524 1277 1620 pelta-

207 1653 283 1698 rum
304 1633 429 1724 specie,
458 1631 583 1701 semine
609 1632 737 1703 incluso
769 1632 932 1703 lenticulae
959 1631 1084 1726 effigie,
1102 1633 1165 1701 nisi
1186 1631 1277 1726 quod

207 1723 429 1831 infringitur³,
439 1738 530 1807 unde
538 1763 670 1809 nomen.
678 1739 756 1811 Flos
765 1728 909 1810 albicat
919 1725 1087 1809 Nascitur⁵
1103 1741 1138 1808 in
1154 1740 1279 1808 semitis

206 1946 274 1994 aus,
284 1927 357 2001 quod
371 1927 519 1982 adiuratum.
528 1926 600 1981 Vide
610 1947 670 2000 quic
679 1929 719 1982 ihi
770 1929 842 2000 1359
855 1931 928 1984 Pers.
941 1930 1108 1984 Raaaaculac.
1121 1918 1214 2000 Iura).
1224 1931 1280 1984 Ila·

207 2005 331 2060 diximus.
343 2005 433 2062 Iliun.
764 2011 831 2064 bitot
839 2011 1073 2082 inEuroprepratis
1081 2007 1218 2062 montosis.
1226 2007 1278 2063 Eo.

248 2087 277 2141 3.
292 2087 434 2142 Decretum.
450 2086 540 2141 Dioscss
551 2087 570 2142 l.
588 2106 612 2142 c.
627 2087 719 2144 Hiar).
744 2139 753 2144 ,
804 2089 904 2146 CXIII.
922 2110 944 2143 r.
960 2091 1071 2158 Tlrlorpe.
1082 2089 1175 2142 Scribo
1187 2089 1279 2160 potius

249 2175 275 2231 4.
288 2169 382 2221 Illiram
395 2167 489 2220 colibet
498 2169 600 2238 capillos
612 2169 719 2238 detura-
764 2171 866 2241 thlaspi,
879 2188 911 2223 ex
922 2167 1091 2234 Dioscorida,
1105 2181 1131 2221 et
1141 2169 1242 2234 Paulo,
1252 2182 1279 2222 et

208 2258 251 2300 tes.
264 2249 297 2300 In
310 2247 386 2301 libris
394 2249 524 2301 hactenus
534 2247 628 2313 editis,
636 2267 720 2300 succro
763 2251 875 2304 caterio.
885 2251 966 2303 Pnrr.
977 2277 1018 2292 ·-
1034 2249 1144 2318 Tlrlaspi.
1158 2247 1279 2301 Primum

207 2327 313 2392 collibet,
329 2329 491 2381 creveram
503 2328 627 2398 sequitur
638 2347 718 2393 mox,
764 2330 823 2384 hoc·
834 2330 962 2390 lla'ocrur
984 2347 1067 2400 genus
1084 2347 1098 2380 a
1119 2326 1277 2382 Dioscorida

206 2407 294 2458 demat
306 2411 404 2471 oium,
417 2419 442 2458 et
451 2413 477 2459 ia
486 2409 642 2473 okoildtm,
656 2423 717 2479 quo
762 2408 935 2474 describitur,
943 2409 980 2474 ll,
998 2411 1062 2462 186.
1073 2407 1108 2461 Η.
1119 2408 1193 2460 -T
1194 2409 1279 2480 hlaspi

207 2485 242 2539 ad
253 2505 362 2541 succum
377 2488 471 2541 referri
487 2489 665 2558 grammatica
679 2490 717 2541 le·
762 2491 858 2544 Galen.
872 2488 978 2542 viderur
992 2507 1047 2541 esse
1057 2487 1203 2542 Coelalearia
1214 2488 1279 2540 Dra-

87 2614 91 2625 ,
206 2567 409 2636 genutenuln
424 2567 500 2621 MSS.
517 2569 717 2637 Reg.Colhert.
764 2569 855 2636 ba‚de
869 2589 920 2641 qua
934 2568 1110 2640 jamdictum.
1126 2567 1178 2621 En.

207 2647 326 2701 Clrifflet.
337 2649 411 2700 lesum
424 2647 525 2700 solitu.
540 2648 597 2700 Nos
609 2648 718 2700 interim
806 2671 832 2705 a.
847 2651 904 2702 Nou
917 2655 967 2702 rice
981 2653 1062 2702 ramis.
1084 2647 1158 2700 Disci
1173 2647 1277 2717 effigie,

207 2745 240 2779 ex
263 2730 417 2798 conjectura
438 2728 536 2780 illitum.
562 2726 653 2780 Diosc.
667 2729 718 2794 lv,
763 2724 923 2796 droaoeulir,
937 2729 1026 2800 inquit
1037 2729 1126 2781 Diorc.
1137 2728 1156 2781 1.
1168 2747 1192 2781 c.
1207 2728 1278 2781 Pella

211 2806 281 2871 136,
305 2807 339 2860 de
353 2806 481 2872 adianto,
496 2806 542 2860 cui
555 2807 611 2859 vim
627 2825 718 2878 parem
764 2827 827 2863 sene
844 2807 909 2862 disci
926 2809 1015 2879 effigie
1033 2819 1081 2861 est.
1096 2809 1188 2860 Hiar».

207 2887 384 2940 trichomanes
393 2887 587 2940 habetmatrt
601 2887 720 2958 ᾶφίψημα
807 2891 834 2942 3.
862 2889 919 2942 Nisi
944 2888 1011 2960 quod
1037 2889 1188 2958 infringitur.
1221 2887 1279 2940 Nisi

206 2961 237 3019 δὲ
252 2969 327 3019 αὑτοῦ
345 2969 390 3019 σὺν
409 2969 480 3037 κονίᾳ
495 2967 537 3020 acl
554 2968 609 3037 οἴνῳ
621 2968 721 3038 cracad-
764 2968 838 3041 quod
858 2969 973 3022 fractum
991 2966 1107 3033 videtur,
1127 2966 1198 3020 alosti
1212 2968 1279 3020 lsra-

208 3065 278 3117 μενον
308 3049 393 3118 τρίχας
422 3048 524 3117 βιούσας
553 3049 718 3118 accucurri.
763 3052 913 3117 θλασμίνον,
937 3041 1055 3110 llotlaul
1072 3048 1278 3117 alisatiam*-

208 3148 219 3169 ·
235 3125 377 3180 Alsrictum
402 3128 459 3197 ejus
484 3124 628 3179 decoctum
656 3145 719 3180 cum
763 3148 814 3182 scs.
836 3129 955 3182 Galenus
979 3124 1108 3190 similiter,
1135 3127 1184 3178 lib.
1208 3126 1222 3178 Ι
1245 3125 1279 3179 de

206 3205 303 3258 lixivio
319 3217 348 3258 et
363 3206 428 3259 vinc
445 3203 596 3260 defluentes
609 3208 720 3278 capillos
764 3208 915 3270 Auddods,
946 3225 1005 3278 cap.
1032 3213 1081 3270 14,
1111 3225 1171 3278 pag.
1199 3207 1276 3274 889:

126 3319 133 3340 .
207 3283 315 3340 cohibet
327 3297 408 3358 atque
419 3284 588 3338 coufirmat.»
606 3287 699 3339 Iino.
764 3278 826 3357 ἔχον
851 3285 881 3341 dl
903 3287 970 3342 aurai
989 3307 1013 3340 τι
1035 3289 1106 3359 μέρος
1126 3289 1213 3339 ίαυτοῦ
1236 3285 1278 3339 καὶ

248 3365 274 3418 5.
291 3367 481 3439 Alopecr'asque,
501 3378 552 3420 etc.
567 3365 719 3420 Dioscorid.
765 3359 812 3422 olai
827 3369 953 3438 Istlaourl
976 3387 1001 3419 τι
1021 3369 1123 3439 μικρὸν,
1139 3368 1180 3437 ἀφ’
1194 3359 1220 3418 od
1237 3368 1279 3420 acal

206 3446 259 3497 loc.
272 3446 318 3498 cit.
334 3446 427 3500 Hn'n.
765 3449 895 3520 ὀνομάσθη
914 3448 1014 3501 ditioris.
1033 3446 1087 3500 Alii
1109 3444 1173 3498 inde
1195 3444 1279 3499 dedu·

246 3525 333 3577 exn.
351 3542 377 3576 1.
394 3525 556 3578 Thalltruroa.
574 3523 619 3578 Sic
640 3525 718 3580 Mss.
766 3541 840 3582 ctum
853 3525 1149 3598 uomenroluut,quod
1162 3526 1279 3578 calculos

206 3621 314 3668 omnes,
334 3605 414 3656 etiam
432 3606 460 3656 iu
478 3603 580 3657 Indice.
598 3603 717 3671 Galerio,
765 3608 878 3678 frangat,
889 3607 926 3661 dra
939 3607 1016 3668 λίθους
1032 3609 1141 3678 θρύπτιι,
1153 3617 1183 3658 ut
1197 3603 1279 3658 docet

205 3683 254 3737 lib.
262 3685 332 3737 VIII
347 3682 382 3736 de
402 3683 503 3738 Facult.
527 3685 623 3754 Simpl.
643 3684 717 3739 med.
762 3687 896 3748 Galenus,
910 3687 959 3739 lib.
971 3687 997 3740 X
1009 3686 1075 3741 sarii
1088 3687 1178 3747 τόπους
1188 3725 1196 3750 ,
1206 3704 1229 3738 c.
1242 3701 1278 3738 r..

204 3781 265 3836 pag.
280 3766 351 3835 178,
367 3765 519 3835 θαλίηκτρον.
539 3763 640 3818 Fudem
663 3765 718 3820 fere
763 3766 797 3820 Η.
811 3795 850 3808 ·-
864 3767 965 3838 Tlilcrpr'
977 3779 1108 3838 campestre
1122 3757 1277 3836 (Teu-odyn.

206 3841 719 3908 dceonarrat,Dioscoridemsecatur.
764 3847 853 3900 straet
875 3864 935 3918 gen.
962 3847 1035 3912 1554
1062 3847 1134 3900 Pera.
1159 3846 1279 3913 Graciser.

207 3924 301 3978 Hiran.
323 3953 364 3966 -
382 3923 518 3994 Θὶλικτῃον
529 3924 654 3978 Dioscor.
669 3919 727 3985 1v‚'
764 3919 857 3993 Just).
874 3927 925 3978 Eo.

207 4003 262 4070 98,
274 4004 352 4056 uobis
365 4002 460 4058 eodem
476 4003 586 4057 nomine
599 4017 639 4058 est
655 4005 720 4057 rao„
807 4015 833 4072 4.
848 4007 908 4058 Flos
919 4007 1018 4059 albicat.
1036 4007 1126 4060 Dicrc.
1140 4005 1158 4058 l.
1175 4025 1200 4059 c.
1212 4006 1247 4057 II.

208 4079 719 4157 &emaumffotyaetpuyfflgss
808 4084 832 4140 ⁵.
849 4085 976 4153 Nascitur,
989 4101 1043 4142 etc.
1065 4086 1153 4140 Diosc.
1168 4085 1187 4138 l.
1203 4101 1227 4140 c.
1243 4084 1280 4137 tr.
