2925 5009
268 485 314 531 ao
546 462 585 530 C.
612 462 779 531 PLlNll
808 463 912 533 MT.
939 464 1070 533 HIST.

267 609 404 681 uantur,
420 592 596 690 appellatae
617 596 667 679 ia,
685 611 719 665 et
732 597 776 664 ah
794 598 848 666 his
866 597 1029 665 ianthina⁷
1049 594 1158 668 vestis.
1179 602 1208 669 E
1230 602 1359 669 sativis

266 702 411 771 maxima
428 705 609 771 auctoritas
628 699 733 771 luteis.
757 704 890 773 Genera
905 705 946 772 iis
958 728 965 771 ε
978 703 1164 772 Tusculana
1172 690 1196 787 ⁸,
1216 721 1252 775 et
1269 732 1357 800 quae

266 809 393 877 marina
423 808 622 903 appellatur,
650 806 758 877 folio⁹
779 807 951 903 aliquanto
983 808 1114 895 latiore,
1142 810 1201 879 sed
1229 813 1354 879 minus

266 914 418 984 odorato·
439 918 480 984 ln
502 929 610 984 totum
629 938 709 983 vcro
728 916 799 984 sine
815 915 936 1003 odore,
956 917 1151 1011 minutoque
1172 914 1253 985 solio
1275 920 1350 987 Ca·

265 1020 412 1089 lathiana
424 1020 460 1108 ¹⁰,
478 1042 599 1090 munus
617 1023 789 1108 autumni,
807 1036 934 1091 caeterae
950 1023 1048 1091 veris.

234 1169 245 1203 1
318 1130 397 1197 XV.
425 1126 578 1195 Proxima
610 1128 638 1193 ei
664 1124 777 1195 caltha
805 1141 856 1196 cst
881 1126 1076 1197 concoloai'
1108 1127 1342 1223 amplitudine.

307 1286 334 1347 7.
349 1276 388 1327 Et
404 1274 436 1326 ab
454 1274 490 1327 lais
510 1274 629 1325 ianthina.
649 1272 708 1326 Hoc
725 1286 782 1338 eat,
826 1275 855 1327 iu
880 1274 966 1327 solin.
989 1292 1050 1344 pag.
1071 1277 1155 1339 1160,
1178 1277 1301 1334 calatia«,
1327 1296 1346 1329 a

264 1372 402 1427 purpurea
424 1374 455 1408 ac
474 1354 599 1406 violacea.
618 1351 783 1423 Woktpoar·
826 1353 927 1407 Calatia
952 1353 1055 1424 oppido
1082 1353 1174 1407 tutia.
1196 1355 1246 1407 1112
1266 1356 1346 1408 favet

263 1454 317 1505 pn.
329 1434 411 1488 Mart.
422 1434 515 1497 litut,
529 1451 571 1503 ep.
585 1449 686 1485 xxxix:
700 1432 783 1486 «Coc-
825 1431 913 1485 codex
934 1434 998 1503 tteg.
1021 1454 1046 1487 a.
1067 1432 1102 1486 Η.
1121 1464 1161 1476 -
1181 1434 1350 1488 calaum.

266 1515 326 1568 cina
352 1515 460 1568 famosa
490 1510 574 1565 donas
608 1524 636 1565 ct
662 1510 782 1565 ianthina
826 1513 899 1565 Brut.
912 1530 945 1564 ea
960 1512 1020 1565 MS.
1032 1512 1097 1582 [leg.
1114 1531 1126 1565 1
1142 1525 1170 1565 et
1182 1512 1246 1567 edit.
1260 1513 1345 1585 prin-

267 1593 386 1649 moecha.
396 1619 407 1641 .
421 1593 493 1645 Hinc
507 1591 607 1643 violarit
620 1589 692 1663 apud
703 1590 782 1643 Plau·
833 1593 904 1661 cipe,
913 1592 1044 1643 atatim
1061 1592 1115 1645 En.

268 1686 343 1738 tum,
368 1674 397 1725 in
414 1672 532 1726 Aulular.
548 1683 600 1724 act.
615 1670 673 1735 111,
692 1689 729 1723 ιο,
748 1670 781 1734 5,
866 1672 929 1725 XV.
941 1692 965 1725 ι.
977 1670 1078 1724 comt
1089 1672 1254 1741 amplitudine.
1266 1672 1349 1738 Quid

267 1754 314 1825 qui
327 1765 413 1807 acates
434 1752 551 1804 violacea
571 1768 691 1823 purpura
713 1750 782 1803 infe·
826 1770 918 1823 qum
952 1748 1104 1821 amplitudo
1136 1750 1172 1803 ad
1202 1752 1349 1818 colorem,

267 1846 322 1887 ctat
333 1831 520 1885 distraherent.
534 1828 628 1881 Ηιιιυ.
826 1844 873 1883 aut
893 1830 969 1883 color
988 1827 1022 1882 ad
1039 1828 1264 1900 amplitudinem?
1286 1832 1350 1885 Pro

309 1914 336 1965 8.
346 1911 442 1965 Genera
453 1914 483 1963 iis
491 1910 638 1963 Tusculana.
646 1907 782 1979 Scriptum
826 1928 893 1963 voce
903 1910 996 1963 ultima
1006 1920 1101 1961 notant
1110 1910 1275 1963 similitudine.
1286 1910 1348 1963 sed

267 1992 514 2061 exemplar‚geaera
529 2000 608 2041 autam
628 1989 777 2051 Tusculana,
826 1989 938 2041 alteram
960 1988 1058 2041 retinet
1081 1987 1202 2059 egregius
1223 1988 1308 2043 codex
1336 2010 1346 2043 :

267 2086 295 2125 et
311 2071 392 2142 paulo
405 2082 466 2141 pust
488 2069 613 2132 calatino,
634 2086 689 2119 nou
710 2068 782 2119 cala·
825 2066 900 2141 quod
912 2080 1002 2127 autem
1014 2065 1160 2137 praecctlit,
1180 2087 1231 2139 pro
1244 2086 1278 2121 οο
1291 2069 1347 2121 ha·

268 2152 366 2217 attam,
376 2161 407 2202 ut
425 2150 493 2203 lorte
505 2160 601 2201 neutro
621 2144 703 2199 modo
719 2146 782 2199 acri·
825 2148 871 2200 het
883 2147 1029 2198 :maculari
1041 2146 1211 2211 Fortaaaia,et
1219 2150 1347 2201 aucthari

267 2228 388 2283 bendum
398 2229 441 2293 ait,
457 2225 504 2281 aed
515 2228 622 2279 cautam
631 2264 639 2291 ,
648 2239 783 2297 permuta·
825 2226 991 2297 amplitudim
1003 2225 1047 2279 Sic
1058 2225 1107 2279 lih.
1120 2226 1197 2293 m,
1209 2246 1244 2296 ²7
1257 2246 1287 2283 a·
1296 2247 1347 2281 co·

267 2312 302 2363 tia
314 2308 425 2374 litteris,
438 2327 455 2360 a
467 2306 642 2360 similitudine
654 2306 738 2369 calta,
751 2318 782 2358 ut
825 2305 937 2359 chlearia
946 2323 1095 2359 mensura.-
1112 2306 1180 2359 Item
1193 2307 1297 2370 XXIV,
1314 2327 1346 2361 1.

267 2388 406 2461 sequentia
429 2388 517 2440 atatim
542 2383 704 2449 ostendunt,
730 2384 782 2438 niai
825 2385 970 2438 Gaoa.-
983 2384 1110 2438 Ριοιὺιια.
1127 2386 1164 2439 Et
1182 2386 1240 2439 hcc
1254 2405 1270 2437 e
1285 2385 1346 2439 vio-

268 2468 328 2541 quia
341 2466 439 2521 deduci
449 2468 523 2519 malit
536 2484 550 2517 a
561 2466 674 2518 calatho.
686 2464 767 2517 Puta,
825 2464 911 2519 larum
924 2464 1055 2517 luteamtu
1065 2483 1162 2535 genera
1173 2479 1229 2531 cat,
1241 2484 1297 2519 ιιοιι
1309 2480 1346 2519 ut

309 2567 336 2615 9.
350 2544 434 2599 Folio.
444 2546 519 2599 Folia
533 2544 668 2615 intellige,
684 2543 783 2614 quibua
824 2562 841 2597 a
851 2544 958 2597 ltuettio
966 2544 1095 2615 primum,
1105 2542 1205 2598 deiude
1215 2564 1229 2597 a
1238 2544 1346 2599 Salma-

261 2626 318 2679 tflos
333 2637 449 2691 conatat3
461 2643 521 2695 quaa
536 2624 615 2677 nohis
623 2623 716 2693 petala.
726 2623 782 2675 Eu.
825 2623 866 2677 aio
880 2621 1014 2676 creditum
1024 2636 1077 2685 cat,
1091 2624 1145 2676 loc.
1157 2625 1204 2679 cit.
1220 2625 1270 2677 lloa
1284 2625 1346 2691 ille,

287 2770 288 2774 Ἰ
310 2724 351 2759 ιο.
363 2704 520 2758 Calathiaua.
538 2702 719 2758 Calathiauam
737 2700 782 2755 alii
826 2720 907 2775 quam
921 2702 1083 2775 solsequiam
1094 2701 1222 2771 dicimua,
1233 2706 1347 2771 lesoud,

267 2802 324 2839 cate
338 2784 432 2837 volunt
449 2782 646 2857 thylacitidem‚
663 2778 784 2836 aDoclo·
825 2782 904 2854 plane
918 2779 1017 2835 diverti
1036 2784 1149 2852 generis.
1169 2784 1239 2839 Nam
1261 2797 1289 2838 ct
1311 2784 1345 2839 in

267 2882 328 2917 nato
341 2862 440 2934 pictam
454 2862 608 2917 calathianat
629 2860 720 2915 titulo:
736 2860 783 2914 alii
826 2860 915 2913 indice
928 2860 1007 2932 hujus
1021 2862 1074 2915 loci
1089 2861 1127 2916 aic
1141 2863 1260 2934 legitur:
1278 2865 1345 2916 Vm·

268 2941 388 3013 ciusdem
400 2943 595 3014 campanulum.
616 2942 652 2993 At
668 2952 781 3011 utraque
826 2940 858 2992 1oe
875 2942 965 2993 colom
982 2940 1042 3009 111,
1061 2942 1133 2995 lutea
1147 2962 1238 3013 geum
1248 2944 1283 2997 V.
1299 2944 1345 2995 De

193 3038 204 3057 ⁶
268 3023 446 3087 ceruleum,
461 3022 684 3076 calathianuvero
698 3020 780 3085 lutea,
826 3021 925 3074 caltha:
947 3023 1028 3091 mgiu's
1042 3022 1104 3091 stoa.
1125 3022 1231 3076 Genera
1255 3042 1345 3095 porro

267 3101 395 3155 aicalthtc
408 3102 540 3157 concolor
559 3113 620 3155 cata
644 3116 706 3153 nam
728 3101 782 3153 cal·
824 3100 904 3154 violat
922 3102 999 3153 lateat
1013 3100 1065 3154 tria
1084 3099 1224 3157 dumtaxat
1244 3102 1344 3173 appel-

267 3182 343 3235 tham
353 3182 450 3236 luteam
460 3200 514 3234 esse
526 3191 672 3233 monstrant
682 3178 710 3231 hi
725 3199 783 3233 aar·
826 3180 916 3234 lantur
922 3180 975 3233 hoc
983 3181 1052 3246 loco,
1060 3182 1219 3245 Tusculana,
1225 3182 1345 3246 marina,

268 3279 312 3315 aua
323 3260 433 3331 Virgilii
448 3274 475 3315 et
489 3258 645 3315 Columella
662 3277 669 3309 t
689 3283 700 3305 ι
711 3259 782 3312 Mol·
826 3260 994 3316 calathiana:
1006 3260 1059 3313 niai
1071 3260 1105 3313 ad
1119 3278 1181 3313 eum
1193 3280 1342 3315 numerum

267 3338 304 3392 lia
315 3340 414 3393 luteola
426 3341 512 3411 pingit
527 3338 647 3392 vaccinia
656 3338 753 3392 caltha.
765 3363 777 3387 a
827 3340 915 3393 caltha
926 3358 1047 3411 quoque,
1069 3353 1096 3392 et
1112 3341 1201 3411 regius
1215 3340 1279 3407 flua,
1292 3359 1343 3393 seu

268 3448 309 3459 -
323 3444 335 3468 ι
348 3420 493 3492 Pressaque
506 3418 655 3499 flammeola
674 3436 783 3489 rumpa-
824 3421 898 3490 regia
919 3437 1001 3491 scopa
1023 3420 1191 3473 accesserint.
1211 3422 1248 3473 Et
1278 3438 1344 3473 tanc

268 3512 313 3553 tur
335 3498 428 3553 flacina
447 3499 541 3552 caltha.
557 3523 568 3545 ι
597 3494 782 3551 Calatlaiauam
825 3497 945 3557 inferint,
958 3517 1042 3569 quum
1058 3499 1225 3570 cingulorum
1241 3498 1344 3553 florum

268 3596 318 3649 ego
335 3590 400 3649 puto
425 3597 481 3632 eata
501 3575 638 3649 digitalem
664 3578 780 3639 luteam,
826 3576 964 3631 medicina
974 3590 1249 3651 narrantur,quorum
1258 3578 1343 3632 modo

268 3654 653 3722 floreluteo‚calathoaimili;
668 3656 782 3709 caltham
826 3669 970 3710 tractantur
994 3670 1110 3723 nature,
1130 3658 1165 3711 de
1184 3658 1262 3711 violia
1280 3660 1344 3711 uni·

268 3755 333 3789 vcro
343 3748 461 3790 noctram
480 3733 655 3790 calendulam.
674 3735 783 3789 Diosco-
826 3736 939 3801 acasim,
950 3736 1137 3808 sigillatimque
1147 3736 1181 3790 dc
1190 3737 1283 3799 luteia.
1297 3750 1342 3791 at·

267 3815 321 3868 ridi
340 3815 426 3870 caltha
448 3814 701 3886 chrysanthemum,
722 3815 780 3869 aive
826 3816 1045 3888 quepurpurcia,
1060 3816 1211 3889 longissima
1223 3816 1342 3871 hahetur

267 3894 440 3964 huphtalmoa
453 3893 560 3948 dicitur.
577 3896 646 3945 Dat..
662 3925 698 3936 -
708 3894 781 3947 Cala·
826 3896 913 3949 oratio
929 3914 937 3948 :
951 3895 987 3950 de
1004 3894 1091 3951 caltha
1105 3892 1240 3969 acopaqai
1249 3896 1342 3967 regia,

268 3974 362 4027 etim
381 3980 406 4027 Δ
424 3974 519 4027 calathi
540 3972 638 4043 effigie.
656 3972 713 4025 Alii
733 3976 782 4026 cal·
825 3994 860 4027 ne
876 3981 920 4046 γρῦ
932 3974 1042 4047 quidem
1056 3995 1065 4030 a
1080 3978 1143 4031 aatia
1155 3976 1289 4050 probabili
1300 3995 1342 4030 ar·

268 4054 353 4107 thiana
371 4053 479 4125 legunt,
502 4073 517 4106 a
537 4052 713 4107 similitudine
728 4054 782 4108 cal-
825 4068 952 4126 gumcntc
963 4075 1006 4109 eaa
1019 4056 1123 4110 acilicct
1135 4056 1235 4111 idcirco
1244 4056 1342 4122 taceri,

267 4132 330 4187 tha.
345 4134 492 4199 Pintiauut,
502 4145 527 4185 at
540 4152 570 4187 ex
583 4132 780 4198 illoSalmaaiua
824 4133 899 4206 quod
911 4135 1043 4190 lutearum
1056 4136 1163 4191 nomine
1174 4148 1341 4203 cenacautur,
