2925 5009
494 445 647 516 arnna
670 447 835 517 xxva.
1122 443 1192 543 ⁶⁶7

122 577 319 673 perforatis²
333 578 452 648 crebro
470 578 573 664 foliis,
591 563 692 647 ssore³
707 581 820 648 croci:
836 601 938 673 quare
956 576 1089 674 quidam
1111 601 1193 648 ane-

124 707 259 752 monem
271 699 485 753 vocaverunt.
498 672 646 754 Succus⁴
664 684 737 778 ejas
754 683 927 754 oculorum
943 684 1193 755 medicamentis

123 793 290 858 convenit.
306 778 459 868 Mordet⁵
472 793 562 859 enim
574 791 689 860 leniter
700 805 734 859 et
745 790 935 873 excalfacit,
954 789 1194 885 adstringitque

125 897 294 964 siccando.
325 899 449 990 Pargat
470 900 660 981 cicatrices,
688 911 722 964 et
750 896 950 981 nubeculas,
978 910 1010 964 et
1035 897 1194 990 quidquid

124 989 266 1071 obstat⁶.
282 1003 428 1090 Quidam
438 1004 574 1072 tradunt
588 1003 690 1071 lavari
700 1003 724 1088 ⁷,
743 1017 842 1098 atque
861 1006 906 1072 ita
923 1005 1077 1072 siccatam
1090 1003 1193 1097 digeri

124 1108 160 1174 in
175 1107 330 1201 pastillos.

178 1216 374 1282 LXXXVI.
397 1213 566 1282 Onosrna¹
598 1214 697 1306 ionga
728 1212 807 1282 folia
836 1213 937 1283 babet
966 1213 1033 1282 sere
1057 1213 1097 1280 ad
1126 1225 1227 1282 tresr

123 1317 245 1414 digitos
262 1322 398 1388 interra
413 1318 587 1413 jacentia²‚
603 1308 681 1390 tria³
697 1321 740 1388 ad
755 1307 1017 1389 similitudinem⁴
1040 1320 1194 1388 anchusae

124 1475 153 1528 in
169 1475 238 1526 notis
258 1473 339 1527 MSS.
357 1473 390 1526 ad
407 1493 470 1527 eum
485 1475 585 1527 librum
604 1476 641 1528 ait
676 1494 708 1527 ex
728 1475 812 1528 herba
831 1489 936 1538 manat,
951 1476 1068 1536 elotum,
1087 1477 1196 1530 semotis

124 1573 182 1608 esse
202 1554 295 1606 florem
314 1555 477 1606 Africanum.
491 1553 583 1604 ilcan.
599 1585 641 1598 -·
675 1553 790 1624 lapillis,
810 1555 838 1606 in
859 1555 981 1624 pastillos
1001 1553 1034 1606 ad
1056 1556 1195 1608 oculorum

127 1635 254 1688 Orbonae.
264 1635 421 1703 Sprengetio
431 1633 522 1686 eadem
533 1633 641 1688 ridetur
676 1633 870 1688 medicamenta
887 1634 1019 1705 diget-unt.
1034 1635 1123 1686 Hann.

125 1733 159 1768 ac
176 1710 640 1786 Tagetespatula(tt'yageacs.sulrerfl.
716 1715 869 1766 LXXXVI.
892 1733 917 1768 1.
938 1715 1053 1768 onosma.
1077 1715 1121 1766 Sic
1140 1714 1195 1768 sere

125 1788 639 1864 gen.1872Pers.Corymd.'ser·.Juss.).
677 1793 767 1846 Dicae,
793 1795 851 1856 ΙΙΙ,
868 1799 922 1863 147
944 1812 950 1844 :
970 1792 1024 1862 περὶ
1047 1793 1194 1864 iaderam-sc.

126 1873 205 1926 Cont.
220 1873 359 1941 Coesalpin.
373 1873 505 1935 xlmas.
520 1873 571 1925 Sed
585 1875 641 1926 ban·
678 1873 754 1924 Nihil
785 1891 867 1942 porro
896 1871 966 1924 aiiud
996 1891 1108 1924 onosma
1137 1889 1192 1924 eise

125 1965 230 2015 umen,
242 1965 272 2003 nt
286 1971 448 2022 congeneres
464 1953 519 2004 t'ere
534 1972 641 2016 omnes,
677 1953 844 2015 censuerim,
866 1965 961 2021 praeter
983 1951 1125 2004 anchusam
1149 1950 1194 2002 de·

126 2029 641 2084 exAmericaoriaada.Vid.Hist.Rei
677 2049 800 2100 generem
816 2046 822 2081 τ
838 2049 913 2101 quae,
940 2043 970 2082 ut
996 2031 1023 2082 in
1051 2031 1107 2080 aliis
1125 2047 1194 2099 qao·

127 2111 207 2164 berb·
225 2113 254 2174 l,
270 2113 334 2163 188.
349 2112 401 2162 Et).
677 2127 730 2181 qae
750 2111 893 2161 herbarum
917 2111 1058 2179 generibus
1077 2108 1195 2173 accidit,

169 2211 195 2242 a.
211 2191 348 2256 Perforatr'e
367 2189 450 2242 crebro
476 2189 551 2252 soliis.
568 2191 641 2260 Lego
677 2189 1195 2242 viribuseabaustisbienniotrieaniove

126 2271 221 2334 cribro,
236 2289 289 2320 non
303 2271 395 2322 crebro.
411 2270 498 2322 Diosc.
514 2270 584 2321 libro
598 2271 641 2334 lt,
677 2268 771 2319 florem
785 2269 934 2320 fructumve
949 2269 1054 2319 nulium
1071 2265 1142 2321 cdat.
1159 2269 1194 2321 H.

127 2347 163 2401 de
181 2350 330 2400 Otbonaa:
353 2375 363 2395 ι
383 2349 513 2418 Nasrique
531 2349 642 2400 herbam
677 2377 719 2387 —
734 2348 849 2400 Onosma.
871 2347 951 2418 Apud
972 2367 1021 2400 nos
1041 2359 1127 2399 serrat
1147 2365 1196 2399 no-

127 2429 156 2482 ia
171 2429 266 2480 brabia
281 2429 360 2480 etiam
374 2447 434 2498 qum
450 2428 482 2479 ad
496 2432 641 2499 AEgyptnm
678 2445 739 2478 men
761 2443 767 2479 z
787 2427 894 2478 Onorma
915 2427 1031 2478 ecliioides
1053 2422 1194 2488 (Pentand.

127 2521 166 2560 eat
181 2527 266 2559 erucae
285 2508 356 2558 foliis
374 2509 457 2560 cribri
473 2508 554 2559 modo
573 2510 643 2561 tora·
677 2525 805 2577 moaogyn.
824 2525 882 2575 gen.
901 2506 953 2558 358
975 2507 1045 2558 Pers.
1061 2507 1193 2574 Borragin.

127 2587 244 2640 minibus
259 2588 357 2639 mattis.
374 2613 385 2633 ι
405 2588 495 2638 Posuit
509 2605 572 2654 ergo
587 2589 641 2640 Ptt·
676 2579 770 2652 hasa).
797 2585 905 2639 Habitat
927 2585 955 2638 in
981 2587 1095 2655 Europae
1117 2586 1195 2655 rupi·

126 2670 336 2735 niuscribro,pro
346 2679 489 2736 amquam
498 2668 642 2728 cribram‚·
677 2665 736 2716 bus.
754 2667 807 2717 En.

127 2765 182 2817 quo
194 2745 320 2816 loquendi
336 2745 419 2797 modo
435 2765 497 2797 nans
512 2758 551 2796 est
571 2746 641 2797 libro
719 2763 746 2796 a.
765 2744 811 2795 Ad
825 2755 872 2794 tres
887 2745 977 2810 digitos
994 2747 1018 2795 ia
1033 2755 1097 2795 terra
1108 2747 1194 2814 jacen·

128 2827 242 2896 septimo
261 2825 295 2876 de
308 2826 382 2877 Jniio
396 2827 499 2877 Caerare
515 2825 640 2893 loquens,
678 2825 725 2886 tia,
750 2825 797 2873 tria
819 2823 855 2874 ad
876 2825 1054 2874 similitudinem
1078 2825 1190 2876 anciiasoe

131 2929 144 2952 ο
160 2905 373 2976 celeritatemque
388 2904 503 2976 quodam
522 2905 583 2974 igne
595 2922 643 2954 vo·
678 2906 770 2966 incisa,
789 2915 840 2954 etc.
871 2903 898 2955 Si
924 2901 1073 2955 Dioscorid.
1098 2902 1188 2968 audis,

129 2984 247 3048 luerem,
259 3011 270 3030 ι
286 2984 337 3035 boc
352 2998 405 3049 est,
416 2997 541 3056 tanquam
552 2984 641 3054 ignem
678 2993 816 3052 ·quatnor
829 2981 948 3050 digitos·
963 2983 1046 3052 leges,
1062 3001 1116 3034 non
1132 2995 1194 3045 λινες

128 3063 280 3135 quemdam.
290 3065 371 3116 Pisa.
568 3125 577 3144 Ι
678 3062 742 3112 item
756 3062 820 3113 fabo
835 3061 952 3113 additam
965 3076 1089 3134 putamus
1099 3081 1193 3116 rocem

170 3143 196 3196 3.
220 3144 300 3194 Flore.
319 3145 406 3196 Diosc.
425 3141 479 3194 loc.
502 3142 547 3195 cit.
566 3146 642 3201 aaa<
678 3141 750 3192 iliam
768 3145 823 3193 tria.
842 3141 921 3192 Pina,

128 3218 158 3275 di
175 3226 238 3294 φέρει
252 3225 376 3290 κρόκινον,
389 3223 575 3291 πλατύφυλλον·
590 3223 641 3272 ὅθεν
720 3221 746 3273 3.
768 3222 836 3273 Tria.
858 3221 889 3271 ln
913 3218 1061 3273 Dioscorid.
1081 3217 1193 3274 historia

129 3298 216 3366 ῐδνξαν
241 3303 366 3372 ἀνεμώνης
395 3304 457 3354 αὐτό
484 3321 548 3362 τινες
576 3296 642 3359 itta<
677 3317 727 3352 nec
743 3305 789 3350 tria
806 3300 912 3371 tegitur,
927 3317 977 3351 nec
991 3303 1074 3353 incisa.
1091 3298 1194 3369 Hippo·

129 3376 201 3436 νῖναν.
216 3383 306 3434 Hane.
678 3391 763 3431 crates
777 3397 835 3431 eam
856 3380 921 3448 ῥίζαν
939 3391 1024 3432 vocat.
1038 3380 1154 3432 Galenus
1166 3379 1192 3432 in

170 3468 197 3524 4.
211 3462 309 3513 Saccus.
323 3460 478 3513 niocetae.
489 3460 533 3513 cit.
548 3460 641 3512 Hann.
678 3459 788 3528 Linguis
809 3475 866 3510 eam
890 3457 1030 3522 describit,
1049 3472 1075 3511 et
1097 3459 1196 3512 babere

170 3541 196 3593 5.
215 3541 314 3592 Mordet
327 3544 390 3592 enim
406 3540 640 3592 leniter.-Dioscor.
680 3538 729 3592 tria
750 3538 812 3590 folia
835 3537 931 3604 tradit,
953 3555 1007 3590 non
1028 3536 1196 3592 animadver·

128 3622 180 3672 loc.
191 3621 236 3672 cit.
249 3616 338 3672 trina
347 3650 385 3661 -
396 3619 481 3672 Gron.
491 3631 519 3672 et
529 3621 640 3671 Abante
683 3631 742 3671 tens
759 3616 879 3670 eamdem
896 3637 951 3670 esse
970 3635 1031 3668 cum
1049 3632 1194 3671 onosrnate.

128 3699 211 3753 Hard.
223 3699 313 3751 leviter.
328 3701 380 3751 En.
683 3697 854 3750 Dioscorides
873 3697 962 3750 vocari
982 3697 1061 3750 etiam
1077 3694 1197 3767 deoida,

169 3784 196 3834 6.
206 3779 424 3850 Qreidqaidobstat.
432 3777 572 3849 Quidquid
581 3795 642 3829 oca·
684 3778 783 3840 ὄνωνιν,
803 3789 829 3830 et
848 3781 974 3847 φλομῖτιν,
992 3795 1046 3829 non
1065 3789 1094 3830 ut
1115 3778 1210 3848 vulgo,

128 3860 161 3912 tis
183 3859 301 3912 offundit
322 3859 476 3928 caliginem,
498 3860 586 3910 adira
606 3855 641 3909 τὰ
684 3857 925 3926 legitnnotaiirn,
940 3869 1092 3910 auctorest.
1109 3859 1175 3909 Dan.

130 3943 308 4010 immoratum
321 3943 376 3998 ταῖς
389 3940 478 4009 κόραις-
491 3937 580 3990 Hane.
728 3943 753 3999 4.
773 3937 819 3988 Act
834 3937 1012 3988 similitudinem
1029 3937 1140 3988 anchusae
1158 3941 1196 3988 ia·

170 4020 313 4089 7.Qm'dam
324 4013 641 4083 rmdoatlamrt.Quidam
685 4017 744 4067 cisa.
759 4015 885 4069 Totidem
904 4017 994 4070 verbis
1010 4015 1130 4070 Dioscor.
1144 4017 1199 4070 loc.

129 4099 200 4152 hune
213 4117 334 4164 moenm,
351 4099 406 4154 sive
420 4097 579 4164 hamorem,
594 4095 640 4166 qui
685 4094 728 4149 cit.
745 4093 833 4149 Haeo.
