2925 5009
443 456 599 523 LIBER
625 455 749 523 XXV.
1060 449 1127 551 527

76 586 214 671 atterens,
232 601 267 657 et
286 586 332 657 ab
356 586 482 657 Helena
502 591 618 682 utique
635 588 792 657 omuibus
806 585 1002 657 mortalibus
1016 590 1128 683 pmpi·

76 693 213 762 randum.
231 695 369 763 Primus
397 708 508 765 autem
534 696 704 779 omnium,
730 716 815 787 quos
838 694 1001 763 memoria
1016 698 1128 778 novit,

76 799 213 893 Orpheus
234 798 278 869 de
304 800 421 871 herbis
443 802 605 871 curiosius
632 799 743 894 aliqua
760 799 917 895 prodidit.
944 801 1025 870 Post
1052 824 1128 869 eum

76 905 202 975 litamus
223 920 259 975 et
287 904 456 979 Hesiodus
479 906 594 1001 polion
617 904 757 977 horbam
774 907 810 975 iu
835 920 998 1001 quantum
1020 909 1130 977 mirati

75 1026 153 1098 suut,
166 998 342 1081 dirimus⁸.
359 1014 517 1107 Orpheus
533 1026 567 1083 et
585 1012 750 1082 Hesiodus
764 1011 950 1082 suffitiones
965 1036 1132 1083 commen·

75 1114 187 1187 darete
204 1121 379 1189 Homerus
392 1132 426 1187 et
437 1118 517 1189 alias
534 1118 729 1189 nominatim
743 1118 866 1188 herbas
878 1117 1132 1215 celebrat,quas
1150 1150 1167 1207 4

76 1224 130 1291 nris
151 1222 229 1295 locis
260 1224 425 1297 dicemus.
450 1226 502 1293 Ab
525 1249 567 1295 eo
589 1225 795 1319 Pythagoras
813 1223 924 1295 clarus
951 1227 1132 1321 sapientia,

78 1329 185 1421 primus
201 1330 367 1401 volumen
393 1331 435 1402 de
458 1356 573 1401 earum
592 1330 716 1401 ellectu
737 1332 943 1425 composuit,
969 1329 1134 1427 Apollini,

77 1435 337 1533 AEsculapioque,
361 1440 447 1508 etin
465 1452 573 1508 totum
592 1436 662 1545 diis·
682 1436 924 1507 immortalibus
941 1440 1135 1508 inventione

79 1554 106 1608 et
123 1544 240 1637 origine
270 1546 452 1640 assignata.
484 1546 682 1639 Composuit
711 1556 747 1612 et
776 1545 1005 1631 Democritus,
1034 1544 1135 1614 ambo

80 1651 244 1743 peragratis
253 1651 419 1733 Persidis,
434 1651 581 1733 Arabia,
595 1650 786 1743 AEthiopiae,
799 1651 1133 1745 AEgyptiqueMagis:

81 1752 209 1849 adeoque
232 1756 277 1827 ad
303 1758 378 1827 haec
407 1756 567 1827 ιιιοιιὶιι9
591 1757 770 1850 antiquitas
788 1755 869 1841 soit,
891 1770 930 1825 ut
955 1754 1138 1827 affirmaret

81 1860 162 1929 stiam
180 1862 392 1959 incredibilia
411 1862 512 1933 dictu.
533 1862 690 1933 Xanthus
712 1862 927 1931 historiarum
948 1877 1083 1943 auctor,
1103 1865 1136 1931 in

83 1966 170 2057 prima
183 1992 299 2039 earum
313 1968 432 2055 tradit,
447 1972 599 2039 occisum
611 1968 766 2039 draconis
782 1967 930 2039 catulum
942 1982 1136 2038 revocatum

84 2068 224 2143 advitam
242 2100 263 2144 a
285 2089 428 2171 parente
448 2074 569 2162 herba,
586 2099 688 2169 quam
704 2073 795 2145 halin
813 2070 986 2145 nominat:
1006 2074 1138 2145 cadem·

84 2180 349 2275 quthyhueu,
372 2206 470 2276 quem
493 2180 795 2264 dracoocciderat,
813 2183 1003 2251 mstitutum
1021 2179 1136 2250 saluti:

86 2285 201 2355 etluba
218 2291 253 2357 in
267 2289 396 2357 Arabia
413 2288 517 2357 herba
536 2301 729 2357 revocatum
749 2287 791 2356 ad
807 2289 913 2357 vitam
924 2285 949 2311 ¹⁰
966 2287 1138 2357 hominem
1158 2309 1173 2361 ⁵

87 2388 176 2461 tradit.
205 2395 300 2465 Dixit
335 2396 564 2481 Democritus,
596 2392 737 2465 credidit
773 2392 1046 2487 Theophrastus,
1068 2418 1140 2465 esse

87 2490 222 2585 herbam,
239 2502 339 2596 cujus
352 2514 508 2571 contactu
522 2499 620 2571 illatae
637 2500 681 2569 ab
694 2498 787 2587 alite,
808 2522 909 2594 quarn
922 2498 1140 2586 retulimus'¹‚

88 2602 210 2675 exsiliret
228 2632 358 2677 cuneus
377 2632 397 2677 a
415 2608 603 2703 pastoribus
617 2606 728 2677 arbori
746 2605 903 2676 adactus:
923 2630 998 2701 quae
1010 2608 1140 2677 etiamsi

92 2703 142 2776 fide
168 2728 298 2801 carent,
333 2711 586 2783 admirationem
617 2728 729 2783 tamen
757 2710 916 2808 implent,
952 2728 1141 2808 coguntque

91 2814 237 2905 confiteri,
252 2818 398 2889 multum
414 2818 589 2915 essequod
607 2843 687 2888 vero
701 2820 857 2913 supersit.
872 2817 956 2887 Indo
968 2832 1004 2888 et
1016 2818 1140 2914 pleros·

93 2940 143 3009 que
151 2924 190 2991 ita
198 2925 296 2996 rideo
309 2927 512 3012 existimare,
526 2923 608 2995 nihil
619 2948 687 2995 non
695 2924 877 2993 herbarum
885 2926 918 2992 vi
927 2922 1015 2994 effici
1027 2950 1142 3021 posse,

93 3022 138 3093 sad
149 3028 364 3121 plurimarum
377 3032 466 3103 vires
480 3054 550 3103 esse
565 3032 751 3127 incognitas
767 3056 775 3098 :
790 3056 933 3125 quorum
951 3031 987 3099 iu
1002 3057 1144 3102 numero

96 3126 143 3201 luit
160 3138 360 3234 llerophilus
381 3136 491 3208 clarus
514 3138 697 3223 medicina,
718 3162 739 3206 a
765 3162 834 3231 quo
859 3137 972 3207 serunt
1000 3138 1148 3219 dictum,

96 3241 231 3327 quasdam
255 3245 405 3315 fortassis
426 3246 525 3314 etiam
553 3241 695 3314 calcatas
720 3242 886 3339 prodesse.
917 3243 1143 3313 Observatum

97 3358 169 3414 rene
184 3364 248 3437 est,
267 3350 468 3420 inflammari
493 3348 631 3421 vulnera
654 3375 693 3420 ac
711 3348 848 3419 morbos
870 3365 1073 3443 superventu
1090 3375 1146 3429 eo·

99 3470 174 3536 rum,
191 3460 244 3550 qui
258 3457 400 3552 pedibus
413 3459 476 3527 iter
489 3456 704 3529 confecerint.

131 3622 154 3675 8.
167 3625 284 3681 Diximus.
296 3628 338 3681 Dr
348 3628 423 3699 polio
435 3628 596 3699 herbr‚qun
640 3626 675 3681 lia
687 3624 795 3681 rddere.
805 3625 841 3678 ll.
854 3656 894 3669 -·
906 3625 1059 3697 Affirmant.
1074 3628 1149 3682 Brot.

102 3700 209 3759 tobirest
223 3708 350 3761 Teucriam
361 3708 474 3769 Potius.
494 3708 596 3779 egimus
640 3726 671 3761 cx
690 3708 756 3777 ch.
772 3704 833 3757 cod.
856 3723 867 3757 ι
887 3718 915 3759 ct
927 3705 993 3759 edit.
1010 3708 1097 3777 princ.
1112 3708 1153 3775 as-

101 3774 217 3849 lileil,
232 3807 311 3861 capp.
326 3806 359 3842 st
372 3800 400 3841 et
414 3791 463 3853 84.
474 3790 525 3841 Ειι,
633 3786 778 3856 fimoorit.
793 3786 845 3838 Eu.

135 3879 158 3928 9.
170 3866 281 3941 Adeoque
297 3869 332 3921 nd
348 3869 399 3921 tac
416 3871 530 3921 attonita.
552 3865 594 3918 Ad
683 3884 725 3919 ro.
737 3865 784 3918 Aa
794 3867 882 3917 virm.
894 3863 956 3918 Non
969 3883 984 3918 ι
995 3867 1153 3932 morte,st

104 3938 194 3997 ninia
208 3946 353 4003 herbarum
370 3948 441 4001 viror
458 3948 496 4001 ric
516 3947 592 4001 huit
639 3946 673 3999 ab
687 3944 817 4018 saphyris
832 3944 867 3997 ad
880 3945 975 3999 vitales
988 3964 1088 4001 renam.
1102 3948 1152 4002 ua.

105 4022 210 4088 samia,
229 4040 258 4080 ιιι
279 4026 406 4083 audacior
433 4028 500 4081 lacta
525 4026 593 4081 nihil
680 4044 724 4080 ιι.
739 4026 821 4096 Qum
836 4024 969 4089 ruralium,
984 4038 1034 4080 etc.
1049 4025 1155 4081 Scilicet

107 4112 220 4157 torretur
237 4108 317 4162 ctiam
333 4104 426 4161 auditu
446 4104 592 4161 incredihi-
637 4106 685 4161 lib.
699 4106 740 4171 Χ,
752 4124 795 4157 ιο.
807 4105 897 4159 niun.

961 4203 1023 4299 ιιι
