2925 5009
338 402 408 489 364
610 409 648 477 c.
674 407 841 477 rainu
865 407 972 477 nar.
998 398 1128 475 nrsr.

337 552 444 607 munt.
466 538 685 611 Praedulcium
707 539 873 611 fastidium
902 537 951 609 sal
977 550 1152 633 temperat.
1182 537 1323 607 Nitmsae
1350 552 1416 607 aut

336 666 458 714 amare
476 668 590 739 aquae,
620 632 772 741 polenta⁸
794 645 905 717 addita
925 646 1137 739 mitigantur,
1160 658 1196 713 ut
1212 645 1296 712 intra
1320 644 1414 713 duaa

337 749 436 819 boras
453 750 522 819 bibi
544 755 679 847 possint.
707 753 785 842 Qua
800 752 843 822 de
860 775 959 821 causa
986 764 1020 820 et
1042 752 1075 819 in
1096 748 1225 819 saocos⁹
1253 750 1415 819 vinarios

337 854 470 925 additur
496 856 640 953 polenta.
667 856 788 929 Similis
812 856 895 927 vis¹⁰
909 856 1049 927 Rhodiae
1074 870 1192 942 cretae,
1220 870 1251 924 et
1272 853 1413 949 argilla

339 965 485 1032 nostrati.
502 964 691 1035 Concordia
702 964 725 989 ¹¹
748 963 873 1051 valent,
889 988 991 1060 quum
1011 963 1066 1057 pix
1080 960 1156 1032 oleo
1166 960 1189 987 ¹²
1206 960 1410 1057 extrahitur,

337 1068 471 1159 quaudo
490 1084 669 1166 utrumque
690 1072 821 1166 pinguis
838 1084 965 1139 natura)
984 1083 1043 1138 est.
1061 1067 1182 1137 Oleum
1199 1066 1305 1137 solum
1321 1066 1411 1135 calci

339 1173 508 1261 miscetur,
526 1176 659 1268 quando
675 1191 854 1271 utrumque
871 1200 974 1271 aquas
988 1174 1068 1244 odit.
1082 1172 1412 1245 Gummiacetofaci

341 1276 404 1349 lius
417 1279 539 1350 eluitur
547 1267 582 1368 ¹³,
591 1296 815 1352 atramentum
829 1306 923 1376 aqua.
933 1284 1112 1351 lnnumera
1122 1266 1314 1375 praeterca¹⁴
1327 1278 1412 1363 aliu,

302 1394 319 1453 l
337 1408 411 1479 qum
423 1388 490 1456 suis
504 1386 583 1457 locis
599 1388 751 1459 dicentur
771 1390 912 1458 assidue.
931 1390 1017 1457 Hinc
1039 1401 1117 1456 nata
1135 1385 1311 1457 medicina.
1328 1388 1409 1453 llaec

336 1488 406 1560 sola
421 1507 548 1563 natura
559 1492 730 1589 placuerat
748 1519 819 1565 esse
832 1494 975 1563 remedia
992 1508 1106 1588 parata
1129 1492 1250 1587 vulgo,
1266 1493 1411 1561 inventu

337 1595 461 1683 facilia,
484 1624 524 1669 ac
552 1601 622 1670 sine
649 1600 834 1697 impendio,
858 1614 893 1669 et
921 1600 1042 1696 quibus
1070 1584 1256 1667 vivimus¹⁵.
1288 1600 1408 1667 Postea

337 1701 470 1773 fraudes
493 1704 668 1776 bominum
688 1721 723 1776 et
745 1708 952 1799 ingeniorum
971 1720 1118 1801 capturae
1138 1703 1294 1774 officinas
1319 1705 1408 1771 inve

337 1833 417 1877 nere
428 1811 506 1879 istas
516 1813 567 1898 ‚in
581 1811 703 1907 quibus
716 1836 776 1881 sua
787 1813 906 1907 cuique
915 1812 1044 1883 bomini
1059 1808 1185 1879 venalis
1201 1810 1408 1907 promittitur

339 1916 417 1983 vita.
437 1918 556 1985 Statim
576 1919 835 2013 compositiones
856 1932 890 1987 et
910 1918 1060 1987 mixturae
1079 1912 1329 2047 inexplicabiles
1352 1912 1405 1982 de·

338 2036 527 2091 cantantur.
557 2024 678 2093 Arabia
699 2039 800 2119 atque
827 2023 922 2094 India
953 2025 987 2092 in
1015 2020 1142 2092 medio¹
1183 2022 1406 2105 aestimantur3

338 2208 443 2279 apersit,
453 2229 513 2283 qua
524 2212 605 2266 veluti
612 2212 693 2266 salem
707 2224 846 2285 exsugant,
938 2212 983 2266 13.
1001 2211 1100 2265 Gummi
1111 2223 1182 2263 aceto
1189 2210 1298 2278 facilius
1314 2212 1402 2262 «initu.

338 2300 366 2341 et
385 2289 507 2345 ebibunt.
536 2293 638 2347 Danae.
668 2324 709 2335 -
736 2294 848 2365 Philyra.
893 2292 938 2345 Ob
953 2308 1190 2363 summamquam
1201 2291 1401 2348 hebetantem.

339 2368 493 2423 Etiamnum
520 2372 612 2425 multia
644 2372 672 2425 in
697 2372 764 2425 locis
788 2390 850 2427 rura
895 2373 950 2425 rim
963 2368 1127 2426 attenuandi.
1145 2369 1288 2425 Verumid
1302 2367 1401 2441 quiden

341 2462 429 2501 nostra
440 2449 504 2503 iilia
518 2450 588 2504 loliis
605 2468 697 2504 carnes
707 2451 796 2505 saliua
809 2452 850 2505 iu·
894 2464 934 2505 est
945 2449 1016 2503 etde
1027 2442 1231 2521 noctrog'urumi
1248 2449 1369 2511 Arabico,
1379 2458 1402 2498 et

340 2527 467 2594 volvunt,
482 2540 514 2581 ut
538 2529 665 2583 uisuram
682 2528 794 2583 diluant.
815 2532 849 2583 Η.
895 2528 929 2583 de
942 2528 1087 2601 gummosir
1099 2530 1175 2591 aliis,
1193 2542 1225 2583 ut
1239 2544 1401 2603 opopanace.

340 2638 379 2649 --
393 2608 484 2680 Φῦιιρα
500 2609 614 2675 Gracisa
625 2610 703 2663 nobie
716 2610 783 2663 Titia
796 2610 852 2663 Eu·
896 2622 947 2663 etc.
961 2612 1030 2663 Dar..

340 2704 422 2758 rupea
434 2684 568 2761 (Polyand.
586 2708 683 2760 monog.
702 2707 762 2760 gen.
780 2708 853 2759 rapo
939 2696 985 2753 16.
1003 2682 1399 2760 Proeam.1.eg.excmnovii

341 2766 415 2820 Pera.
434 2768 523 2822 Tiliue.
535 2765 644 2834 luam),
661 2767 696 2821 dc
714 2787 766 2839 qua
780 2770 852 2822 conl.
897 2768 1035 2833 sententia,
1043 2781 1171 2839 pretereo.
1187 2768 1239 2820 Eu.

341 2844 388 2899 lib.
400 2846 557 2919 XVme.
572 2849 617 2901 25.
629 2850 682 2901 Eu.
808 2901 813 2913 ,
925 2847 984 2901 ¹15.
1002 2850 1043 2902 Ac
1059 2852 1111 2899 sine
1130 2842 1398 2918 ιἰιιμηάίομιςιιῦν

381 2927 409 2979 8.
427 2926 532 2981 Polarta
549 2928 644 2981 addita.
663 2928 703 2983 Ut
716 2928 795 2983 citius
813 2928 851 2983 ri·
894 2930 997 2981 vivimus
1009 2919 1021 2994 (
1033 2929 1073 2981 ric
1087 2927 1162 2997 priua
1179 2927 1319 2998 legebatur
1328 2923 1346 2987 ).
1355 2923 1397 2973 le·

339 3024 406 3059 uum
421 3003 574 3061 deferetur.
587 3009 655 3061 Du..
895 3006 1012 3079 gaudum
1035 3024 1106 3073 reor,
1128 3028 1140 3051 ι
1149 3025 1179 3061 ιο
1199 3008 1259 3061 siue
1275 2999 1398 3074 impendio

382 3104 411 3152 9.
425 3086 456 3138 ln
470 3106 552 3139 sarem
564 3090 682 3141 aiamim.
696 3086 802 3153 Quibus
814 3086 853 3139 ri·
896 3106 989 3139 eorum
1013 3085 1111 3165 quibua
1129 3086 1255 3139 vivimus.
1271 3112 1282 3132 ι
1305 3078 1395 3153 Signifi-

341 3182 406 3216 num
415 3177 543 3231 saccatur,
562 3166 619 3219 slve
635 3166 749 3231 colatur,
764 3178 793 3220 ut
809 3164 851 3219 di·
896 3178 938 3220 cat
949 3178 1036 3220 autem
1047 3164 1185 3237 pecunias,
1196 3184 1269 3237 qua,
1285 3159 1397 3217 utllesio·

341 3242 429 3297 ximus
438 3244 517 3309 XIV,
534 3246 581 3299 ab.
592 3246 627 3299 fl.
640 3276 679 3286 -
690 3248 726 3300 Bt
740 3246 852 3301 ln.Brot.
896 3244 947 3299 dus
956 3246 1009 3307 ait,
1028 3246 1080 3298 vita
1090 3260 1152 3299 sunt
1167 3246 1276 3299 miseria
1293 3236 1394 3296 mortali·

341 3340 373 3375 ex
397 3324 474 3377 MSS.
490 3336 518 3377 et
532 3322 597 3379 edit.
615 3326 702 3397 princ.
727 3327 852 3401 copulam
895 3326 956 3378 bus.
978 3326 1058 3379 ern.
1080 3357 1120 3369 -
1146 3326 1182 3377 tte
1201 3326 1296 3397 quibas.
1310 3318 1393 3375 aden

341 3402 515 3457 onitatetto.
896 3404 1025 3458 sententia
1055 3424 1138 3459 mox:
1167 3422 1273 3475 ·quuru
1294 3394 1393 3457 remedi*

387 3499 429 3536 ro.
444 3482 536 3536 Similis
547 3488 657 3550 olmeto.
668 3482 714 3536 Ad
730 3500 813 3555 aquas
825 3493 853 3536 et
897 3502 959 3537 vera
972 3482 1092 3555 quotidie
1101 3485 1291 3555 pauperrimus
1300 3480 1393 3553 quisque

342 3560 403 3614 rina
414 3562 568 3635 mitiganda.
582 3563 673 3617 blano.
897 3576 991 3616 cunct.
1009 3588 1020 3611 ι
1039 3564 1134 3617 Nullus
1147 3561 1393 3634 hicpeeunintoeu.

386 3659 431 3694 rr.
446 3642 593 3696 Concordia.
615 3640 766 3697 Concordia
790 3658 856 3695 uon·
899 3642 940 3695 uti
952 3642 1036 3695 risum
1060 3656 1099 3696 eat
1119 3643 1246 3695 Pintiano
1263 3660 1270 3695 ε
1287 3638 1329 3694 aed
1341 3638 1391 3689 law

342 3731 482 3774 nurerum
489 3722 657 3794 intelligitur,
670 3734 699 3777 ut
706 3740 792 3793 quum
806 3722 852 3793 pix
896 3722 1016 3776 tenuibus
1033 3733 1137 3776 tantum
1155 3722 1292 3782 oleribus.
1307 3712 1391 3773 florid·

343 3800 403 3855 olco
416 3801 553 3868 avellitur,
565 3801 691 3875 quoniam
709 3813 854 3873 utrumque
897 3802 1106 3873 busqueobriia.
1123 3800 1217 3855 liano.

344 3890 444 3932 naturae
460 3881 566 3952 pinguia
578 3894 624 3935 est.
639 3883 730 3935 ilino.
944 3884 986 3934 ιδ.
1005 3884 1035 3933 In
1048 3882 1133 3934 medio.
1153 3884 1219 3953 lieg.
1240 3901 1266 3945 a,
1285 3876 1352 3932 Golb·
1368 3881 1389 3921 et

389 3976 432 4011 ta.
444 3962 525 4027 Quam
536 3966 582 4031 pic
597 3962 657 4017 oleo.
670 3962 707 4015 Ut
719 3975 746 4015 et
758 3959 856 4035 empla-
899 3961 991 4015 chiffl.
1005 3965 1030 4013 iu
1043 3962 1128 4015 nied«.
1143 3960 1243 4025 Forte,
1256 3964 1281 4013 iu
1290 3953 1389 4010 nudi-¹

267 4120 269 4123 Ι
344 4049 428 4092 atrurn
442 4040 564 4111 quodvis.
578 4043 646 4097 Dar..
900 4054 1009 4114 propter
1038 4040 1065 4095 id
1088 4040 1164 4113 quod
1193 4042 1311 4113 aeqtdtur
1332 4024 1388 4087 lffll
