2925 5009
316 429 386 529 756
589 436 628 503 C.
654 434 822 505 PLlNll
847 435 957 503 Nur.
984 434 1112 501 HIST.

314 564 406 635 lictili
419 590 508 635 novo
519 566 561 635 ad
574 568 705 653 tertias,
725 582 887 662 quantum
901 590 960 636 ras
971 566 1099 659 capiat,
1110 576 1144 632 et
1157 585 1223 657 per
1235 560 1373 631 triduum

315 672 456 741 heminis
478 686 557 767 pota
579 660 733 745 ειιῐιοῑίε5
753 672 930 745 esculentis
949 670 1132 741 antediem
1146 692 1259 737 unum
1280 670 1375 736 inter·

316 778 448 849 dicitur.
474 781 667 850 Graecorum
693 782 786 849 varin
807 781 897 851 circa
922 779 1011 848 hanc
1029 777 1154 871 opinio.
1174 772 1244 845 Alii
1266 757 1376 869 pinus‘

316 882 403 955 soliis
425 883 563 955 similem
571 885 595 971 ⁷,
626 886 865 980 nigricantem,
893 885 1011 956 eodem
1033 884 1169 952 nomine
1198 880 1376 976 appellant,

315 993 382 1063 vim
402 991 472 1085 ejus
490 990 716 1065 admirabilem
741 992 908 1063 tradentes
916 978 940 1077 ⁸,
960 990 1128 1086 sanguinis
1145 988 1315 1083 profluvia
1329 984 1375 1055 rel

315 1111 405 1169 tacto
425 1112 555 1167 tantum
577 1123 615 1167 ea
638 1098 774 1169 homine
795 1100 875 1168 sisti.
901 1098 966 1167 Alii
992 1096 1171 1191 hippuriu‚
1190 1093 1250 1162 alii
1280 1092 1374 1187 ephe·

315 1203 430 1292 dron',
447 1203 502 1274 alii
523 1204 681 1275 anabasin
701 1221 848 1275 vocant:
877 1201 1110 1297 traduntque¹⁰
1128 1202 1226 1295 juxta
1249 1199 1377 1269 arbores

194 1364 197 1373 .
314 1312 423 1397 nasci,
448 1324 482 1380 ct
502 1312 715 1383 scandentem
729 1336 785 1381 ens
798 1310 987 1407 dependere
1004 1310 1109 1379 comis
1122 1308 1258 1401 junceis
1272 1302 1377 1375 multis

314 1418 432 1511 nigris,
457 1432 496 1487 ut
511 1432 562 1487 est
579 1443 742 1513 equorum
757 1418 881 1503 cauda,
908 1414 1103 1514 geniculatis
1128 1413 1285 1496 ramulis,
1306 1410 1375 1481 lolia

280 1523 437 1593 shahere
480 1548 605 1620 pauca,
640 1527 777 1614 tenuia,
812 1526 941 1620 exigua.
991 1525 1113 1592 Semen
1149 1515 1376 1597 rotundum¹¹,

310 1696 460 1751 Consumit.
488 1696 597 1749 lienem
627 1696 821 1769 impedimento
864 1697 923 1750 luto
931 1690 1374 1759 nomenmodorefastidioeoau

310 1794 365 1830 esse
387 1776 539 1830 cursoribus
556 1776 673 1831 vidimus
700 1778 753 1841 xl,
776 1778 821 1831 80.
906 1779 935 1831 8.
956 1776 1103 1837 Tradentes,
1118 1774 1269 1847 quodetiam
1282 1772 1373 1841 mgni·

310 1856 415 1923 Quibus
424 1856 823 1927 exstinguereturmodisaCae·
864 1857 1032 1928 nispmflaoia
1045 1856 1090 1907 uel
1106 1867 1174 1907 tacto
1191 1872 1222 1905 ee
1236 1864 1325 1904 meu
1337 1850 1373 1899 b

309 1934 822 2010 lioAurelisuodisceChronpassllI,
865 1940 929 1989 nine
949 1940 1021 1989 sistat
1047 1930 1110 1998 (sic
1139 1935 1216 2009 prinp
1234 1929 1255 1993 ).
1276 1932 1373 2001 lgm!

312 2022 340 2079 4.
364 2016 485 2071 Lienosis
502 2016 643 2089 hippurim
667 2036 822 2071 succurrere
866 2016 944 2069 Voss.
967 2016 1034 2089 quod
1055 2017 1145 2075 eriasus,¹
1167 2010 1267 2066 deinde
1293 2008 1370 2071 idern.

309 2114 373 2151 eunt
390 2095 454 2149 vino
473 2110 593 2163 sostero,
608 2096 649 2150 rel
666 2096 822 2169 oxymelite,
864 2098 938 2148 sistit.
954 2096 1047 2148 Scribe
1061 2094 1143 2165 igitur
1155 2110 1163 2145 ε
1175 2093 1255 2145 -Vrm
1269 2093 1323 2159 ejus
1332 2084 1372 2139 ad·

310 2186 403 2229 auctor
418 2188 457 2228 est
467 2174 551 2231 Mure.
565 2178 644 2249 Emp.
658 2195 718 2250 cap.
732 2194 822 2244 xxm,
865 2176 1014 2229 mirabilem
1022 2173 1170 2237 tradentes,
1176 2170 1369 2242 sauguinispro·

311 2274 339 2327 p.
355 2254 418 2308 166.
430 2254 522 2311 Hsan.
865 2248 1367 2313 flurisreltoctotautumealhoeenirs

352 2334 378 2388 5.
402 2334 495 2390 Unctr‘s.
511 2338 544 2389 ln
564 2336 659 2389 bslneo
683 2336 759 2402 lotis3
780 2334 822 2388 rel
865 2333 962 2388 ordine
978 2332 1077 2396 codd.)
1093 2334 1206 2385 homine
1219 2330 1283 2384 sisti.
1297 2354 1309 2375 ·
1321 2326 1365 2379 Ga.

309 2414 397 2467 unctis
408 2416 566 2480 esculentis,
580 2414 647 2469 cibis
664 2416 821 2489 pinguibus.
906 2434 932 2484 9.
964 2416 1021 2467 Alit
1048 2414 1178 2485 ephedron.
1208 2406 1366 2480 legendum,

310 2494 413 2547 Diuo.
435 2528 476 2539 -·
494 2496 587 2548 Unctis.
600 2494 687 2568 Adipe
707 2496 748 2551 rel
762 2496 822 2548 oleo
864 2494 1001 2569 phyma,
1020 2512 1076 2546 uon
1095 2492 1230 2563 ephedron,
1251 2490 1301 2542 hoe
1321 2497 1364 2547 δὴ

310 2574 447 2628 maceratis
465 2574 652 2650 «perunctisse
665 2576 726 2629 cibo
738 2575 823 2629 inter·
868 2598 880 2621 ι
892 2592 1035 2646 aquosum,
1046 2571 1121 2643 quod
1134 2589 1226 2643 prope
1241 2586 1316 2641 squas
1328 2584 1364 2617 nr

310 2650 418 2707 dieitur.
429 2682 441 2702 ι
453 2651 546 2709 lisso.
865 2668 964 2718 scatur¹
984 2680 995 2700 .
1010 2671 1041 2705 ex
1055 2653 1144 2706 Dioso.
1160 2650 1229 2704 vidit
1238 2650 1288 2701 hoe
1297 2645 1364 2699 etim

350 2734 375 2787 6.
388 2734 471 2787 Pinus.
488 2734 573 2788 Gron.
586 2746 613 2787 et
627 2736 670 2789 Al.
679 2737 743 2806 pini.
755 2736 809 2790 Eo.
866 2732 1033 2787 Hermolaus.
1046 2734 1129 2786 pm.
1142 2762 1184 2772 —
1193 2730 1363 2798 Antiopen,

350 2831 379 2884 7.
396 2814 531 2885 Aliipt'nus
541 2814 612 2881 ‚soliis
627 2816 737 2869 etiamn.
756 2817 822 2870 Huc
864 2814 911 2865 atti
925 2813 1055 2884 ephedron.
1066 2812 1135 2865 Sunt
1150 2812 1194 2864 hae
1211 2810 1315 2864 diverse
1325 2823 1362 2873 ap·

310 2904 349 2946 est
359 2892 483 2965 hippuris
498 2894 623 2959 minima,
636 2914 650 2948 u
665 2896 821 2951 Dioscoride
864 2894 1021 2966 pollutiones
1030 2890 1194 2964 hippuridos
1203 2884 1360 2961 supradicte:

309 2991 363 3025 non
375 2970 523 3047 descripta,
536 2992 640 3045 semper
652 2972 679 3027 in
690 2976 765 3049 equis
775 2997 822 3030 na·
864 2992 929 3046 quas
945 2985 972 3027 et
984 2992 1035 3026 nos
1046 2986 1110 3027 unte
1123 2972 1276 3028 retulimus,
1288 2984 1311 3018 e
1323 2982 1359 3022 ²⁰¹

310 3070 399 3117 scens,
418 3054 552 3126 precipue
565 3054 687 3119 coenosis,
702 3067 728 3107 et
743 3057 772 3108 in
788 3056 820 3109 iis
864 3072 920 3106 non
937 3054 1045 3108 alterius
1067 3052 1203 3106 diverm
1223 3062 1360 3123 quanqum

310 3132 405 3204 sapius
423 3130 558 3199 demersa,
583 3132 717 3187 interdum
734 3155 821 3190 emer·
864 3134 944 3189 aliter
957 3132 1095 3187 Dodouw
1105 3132 1220 3203 aliisque
1232 3130 1320 3183 visum.
1331 3120 1358 3173 ll·

310 3230 374 3287 gens
391 3214 498 3287 :gravis
517 3210 624 3280 odoris,
642 3224 670 3266 et
687 3214 821 3269 lutulenti.
908 3230 950 3267 to.
981 3214 1147 3285 Traduntque.
1175 3211 1239 3266 Hoc
1263 3202 1357 3261 totidem

310 3288 499 3364 Lugdunenses
516 3294 589 3345 chore
602 3305 712 3358 vocant,
728 3294 822 3349 utalia
865 3294 953 3347 verbis
964 3292 1113 3347 Dioscorid.
1129 3292 1149 3345 l.
1163 3310 1189 3344 e.
1204 3306 1232 3345 et
1243 3300 1357 3363 posteat!

311 3370 365 3425 duo
375 3390 481 3444 genera,
492 3366 660 3443 pernetam
669 3391 733 3427 vero
746 3375 823 3445 qussi
865 3372 973 3427 Oribas.
998 3374 1056 3438 XI,
1079 3372 1124 3425 fol.
1147 3390 1219 3440 199,
1240 3383 1264 3425 et
1281 3376 1357 3418 ww!

310 3446 480 3523 gupsdpridhn
495 3451 524 3506 id
543 3466 595 3519 est,
612 3454 738 3525 lupicini,
749 3455 823 3525 palu·
865 3450 953 3525 Geop.
967 3454 987 3506 l.
1001 3453 1020 3505 l.
1035 3451 1128 3504 llario.

311 3542 404 3587 utrem.
418 3532 520 3587 Dicito.
534 3532 649 3587 —At'e
665 3530 728 3587 Hoc
747 3536 822 3605 prior
908 3532 1049 3587 rudem
1066 3530 1203 3584 mtrmdm.
1225 3524 1355 3585 nihilne

310 3610 431 3683 hippuris
450 3612 621 3667 Dioscorides
637 3624 692 3679 est,
707 3614 760 3679 IV,
773 3617 821 3678 46.
865 3630 933 3667 soor.
947 3614 1076 3666 Praeteres
1096 3611 1193 3664 falsum
1206 3608 1235 3664 id
1247 3622 1289 3661 est·
1302 3602 1355 3657 Nul-

311 3690 344 3743 H.
362 3720 402 3734 -·
418 3690 498 3746 Forte
516 3694 656 3765 Equt'seturn
680 3694 822 3749 silvaticum.
864 3692 922 3747 lum
939 3694 1011 3747 enim
1031 3710 1121 3745 semen
1142 3688 1209 3745 edit.
1222 3692 1311 3742 Dsuo·
1323 3712 1353 3725 ·-·

312 3772 399 3826 Herba
411 3784 499 3825 autem
514 3773 549 3827 de
568 3793 621 3845 qua
634 3774 822 3844 Dslecampius
865 3772 959 3827 Senes.
973 3774 1004 3825 ln
1017 3771 1211 3825 cauliculorum
1221 3763 1353 3823 nendum

312 3870 404 3923 snpra,
427 3852 504 3905 nobis
529 3850 622 3907 eodem
649 3852 758 3911 nomine
783 3866 823 3907 est
866 3854 938 3907 mine
956 3854 1072 3917 eminet,
1091 3850 1225 3922 asparagis
1241 3844 1352 3901 similium.

313 3931 395 3983 Clara
422 3934 533 4003 uulgaris
558 3927 686 3996 (Monac.
707 3934 821 3987 nonond.
867 3934 974 3987 leonem
1004 3930 1067 3985 vide
1094 3928 1167 4001 opud
1196 3926 1351 3981 Dodoonfl·

311 4026 371 4081 gen.
386 4012 542 4067 sord'Pers.
557 4014 649 4067 Nalad.
660 4014 730 4067 Juss.
739 4010 821 4077 llis·
865 4033 925 4087 pag.
937 4012 984 4084 73.
1000 4011 1037 4066 Η.
1050 4041 1089 4055 -
1100 4008 1186 4077 &aas
1195 4001 1352 4065 mundns&

310 4090 375 4145 bitu
391 4093 419 4147 in
432 4093 507 4165 aquis
520 4094 602 4169 pigris
615 4094 819 4169 :utplurimum
865 4095 920 4148 urile
932 4092 1067 4147 coriandro.
1086 4092 1126 4144 De
1140 4089 1252 4161 equiseti
1263 4078 1350 4143 hwid-
