2925 5009
434 441 588 508 LIBER
616 442 734 508 xxti.
1052 439 1116 510 ὅθι

48 567 308 638 mithridatiam²
333 586 498 641 vocatam.
522 575 608 644 Huic
626 573 704 644 solia
722 573 790 646 duo
807 599 827 642 a
850 574 961 644 radice
977 576 1122 644 acantho

49 673 178 744 similia.
202 675 318 748 Caulis
338 679 428 748 inter
444 693 583 774 utraque
602 683 768 751 sustinens
781 703 914 750 roseum
928 681 1057 750 florem.

94 783 248 852 XXVII.
268 783 438 854 Alteram¹
459 789 614 870 hnaeus,
635 787 823 872 scordotin,
848 791 917 856 sire
944 786 1121 872 scordion,
1144 815 1154 848 ι

47 887 165 982 ipsius²
186 913 291 959 manu
308 891 527 987 adscriptam,
543 894 770 988 magnitudine
785 877 939 976 cubitali,
961 894 1122 988 quadran·

47 992 119 1088 gulo
137 994 255 1084 caule,
276 1021 442 1068 ramosam
470 985 626 1094 quernae³
644 999 877 1082 similitudine,
892 999 980 1070 foliis
999 999 1121 1095 lanugi-
1139 1082 1148 1095 ,

47 1101 130 1169 itosis
149 1127 158 1168 :
178 1105 349 1198 reperitur
361 1107 395 1173 in
409 1107 535 1190 Ponto,
557 1109 683 1202 campis
698 1107 877 1246 pinquibus
895 1107 1121 1201 humidisque,

47 1219 159 1299 puna
180 1211 301 1278 amari.
327 1213 389 1281 Est
409 1226 443 1282 et
464 1211 598 1283 alterius
625 1215 755 1309 generis
787 1265 797 1296 ,
817 1213 991 1284 latioribus
1012 1213 1120 1296 foliis,

49 1327 229 1384 mentastro
254 1315 387 1404 similis,
416 1317 641 1415 plurimosque
663 1335 803 1415 utraque
824 1321 866 1390 ad
888 1345 967 1391 usus
987 1345 1048 1415 per
1066 1345 1121 1403 sc,

50 1431 79 1487 et
93 1419 179 1490 inter
193 1409 280 1490 alia⁵
298 1425 332 1492 in
350 1424 516 1494 antidotis.

95 1529 266 1597 XXVIII.
290 1529 544 1621 Polemoniam¹,
558 1532 612 1602 alii
631 1531 865 1628 philetaeriam,
885 1532 922 1601 a²
940 1534 1121 1602 certamine
1143 1567 1153 1600 ι

86 1693 317 1747 s.IIitlaridotiom.
342 1697 417 1750 lianc
437 1715 451 1750 a
471 1715 498 1750 se
518 1716 560 1750 re·
606 1695 742 1751 deAntid.
757 1699 788 1763 1,
807 1715 857 1762 ra,
877 1716 937 1768 pag.
953 1697 1120 1754 tattiano.

53 1785 144 1840 ptam
160 1775 190 1827 in
212 1775 392 1846 Foroiuliensi
414 1795 494 1846 agro,
514 1776 561 1830 de·
647 1778 779 1830 XXVIII.
809 1796 835 1832 r.
857 1777 1029 1831 Polemonion.
1056 1776 1122 1830 Dio·

54 1851 136 1906 anthia
145 1854 278 1924 aloysius
291 1855 410 1926 Anguill.
421 1869 489 1927 part.
506 1858 560 1923 xl,
607 1875 674 1912 scor.
688 1858 740 1922 IV,
755 1860 772 1912 8
789 1874 797 1910 ε
818 1857 983 1928 Πολιμόνιον,
997 1860 1019 1911 ot
1033 1852 1065 1910 dl
1077 1865 1122 1910 Ot-

54 1947 77 1998 i·
93 1939 155 1999 ¹7⁴.
169 1935 267 1988 Haeo.
605 1939 736 2008 taraiprar.
756 1932 931 1998 Karna'doaae
947 1939 990 2009 μὲν
1011 1930 1121 2006 raucedi-

87 2010 204 2068 nvn.
223 2015 381 2068 1-Altenrra.
395 2016 492 2084 Στέχυς
504 2017 561 2070 trec
606 2037 689 2089 ναμιν,
711 2029 762 2070 etc.
784 2014 883 2069 Iisdem
902 2017 959 2069 lere
977 2016 1067 2070 verbis
1087 2018 1121 2070 alr

55 2101 88 2142 nt
100 2091 222 2148 Dioaeor.
239 2094 299 2160 ΙΙΙ,
316 2114 385 2158 rao,
398 2097 494 2166 piotaa
507 2097 562 2150 Lo·
607 2110 721 2170 utroque
736 2095 904 2151 describitur.
917 2096 1014 2150 tarino
1028 2114 1075 2149 ore
1088 2113 1120 2150 ac

54 2167 247 2226 helioiaObsa.
262 2192 290 2245 p.
304 2175 369 2229 aas.
381 2175 469 2228 Visaa
483 2176 561 2229 nobis
607 2195 673 2230 sono
694 2176 809 2240 Plinius,
828 2189 885 2228 tum
904 2176 1045 2242 hocloco,
1062 2187 1118 2228 turn

56 2247 169 2304 tatano
188 2253 285 2324 Regio.
306 2255 449 2307 Hran.-
464 2257 560 2324 Στάχυς
607 2257 634 2310 in
651 2255 761 2321 indice,
786 2253 1011 2329 chiliodynamam
1032 2267 1117 2308 vocat.

56 2325 199 2386 Dioscorid.
212 2333 267 2385 loc.
282 2332 356 2386 laud.
371 2335 448 2388 nobis
463 2333 560 2388 eodem
606 2338 675 2403 Quae
689 2337 781 2389 reniae
790 2333 871 2390 laodic
883 2336 966 2406 possit
975 2335 1003 2388 in
1018 2353 1120 2406 posses·

57 2410 153 2464 humine
168 2425 211 2467 eat
230 2410 334 2485 Sewtqs
354 2417 504 2485 germanico,
527 2414 562 2468 ‹le
607 2418 708 2470 aionem
723 2417 782 2487 ejus
792 2414 910 2468 nominis
924 2433 980 2468 non
998 2427 1119 2468 constare

57 2502 101 2556 qua
119 2491 181 2546 alian
200 2493 317 2564 egimus.
342 2493 478 2548 scordotis
498 2513 562 2548 vero
606 2497 657 2552 sibi
670 2493 780 2550 ridetur
791 2493 947 2566 Anguillara
957 2495 1028 2549 Part.
1043 2495 1119 2554 xiv,

57 2565 137 2622 lanei
143 2609 151 2636 ,
163 2573 248 2644 enjus
260 2573 304 2626 laic
319 2573 417 2627 Noster
426 2573 563 2639 meminit,
606 2593 667 2648 pag.
692 2582 759 2644 ²49·
780 2575 871 2628 Haao.
889 2607 928 2618 -
943 2575 1117 2627 Polemonion.

60 2645 206 2722 Sprmgelio
214 2650 325 2724 judice,
338 2666 377 2708 est
389 2653 562 2725 NeperoScor-
607 2655 692 2710 Nobis
717 2653 812 2708 eodem
828 2654 938 2708 nomine
953 2668 992 2708 est
1009 2653 1120 2705 Polemo·

61 2719 267 2801 melodyam.
279 2751 405 2804 gymnosp.
419 2733 561 2805 gen.1378
606 2739 672 2790 nium
690 2735 818 2787 ceraton
828 2724 968 2801 (Pentand.
986 2752 1117 2804 raonogyn.

62 2803 123 2862 Pers.
146 2811 248 2863 labiae.
272 2812 342 2866 Jnss.
357 2803 378 2880 ).
403 2812 511 2867 Habitat
533 2814 562 2866 in
606 2833 667 2887 gen.
682 2821 737 2879 aar
752 2814 823 2867 Pers.
841 2813 1004 2866 Polemoniae.
1018 2813 1117 2876 Insa).

62 2883 136 2942 Geta.
154 2891 233 2944 Bene
251 2888 397 2946 delineavit
409 2893 454 2946 Pr.
468 2892 563 2964 Alpin.
607 2895 716 2950 Habitat
736 2895 765 2946 in
784 2893 845 2946 Asia
856 2907 884 2947 ct
897 2893 1021 2965 Europa,
1037 2893 1121 2946 variat

62 2961 151 3023 Italic.
160 2970 233 3027 283.
240 2971 282 3024 cf.
293 2971 391 3026 Hister.
401 2974 447 3027 liei
456 2972 562 3026 herbar.
606 2973 805 3037 floribusalbia3
814 2973 912 3026 colitur
920 2974 948 3026 in
956 2972 1050 3036 hortis,
1055 2975 1121 3043 jani·

64 3055 117 3100 turm
125 3049 147 3114 I,
157 3069 185 3122 p.
199 3056 266 3115 aod.
278 3051 329 3104 En.
607 3052 713 3126 pridem
720 3051 1119 3106 medicinisinntilerisuau.sso.
1238 3103 1242 3109 .

97 3146 120 3180 a.
134 3129 400 3199 Ipsius-Mithridatia
416 3150 497 3186 mann
516 3129 563 3185 de·
651 3153 675 3187 a.
689 3135 717 3186 A
740 3137 876 3185 certamine.
894 3133 989 3198 Quum
1016 3143 1119 3184 certent

66 3205 185 3276 minum.
200 3211 293 3264 Haao.
609 3213 678 3266 inter
698 3232 726 3266 se
747 3211 801 3266 duo
823 3212 916 3282 reges,
938 3211 1067 3264 Polemon
1093 3225 1121 3262 et

97 3283 121 3340 3.
137 3291 247 3360 Quernas
271 3285 437 3345 similitudine.
463 3293 563 3361 Querna
608 3292 835 3355 Philumenae
844 3293 922 3345 Ponti
931 3291 1120 3355 Polemoniaci,

65 3365 154 3432 Ροῑὶυ,
173 3371 221 3424 rel
236 3390 343 3443 quereus.
358 3372 449 3424 Haao.
609 3373 657 3427 iste
671 3371 862 3444 Cappadociae,
877 3384 938 3424 uter
959 3371 1038 3442 prior
1060 3371 1119 3423 clri-

99 3451 122 3507 4.
135 3449 219 3501 Eatee
231 3452 332 3508 alredus
342 3455 446 3520 generis.
464 3451 499 3503 Et
513 3451 564 3505 laoe
610 3451 789 3524 liodynamam
808 3450 919 3504 herbam
934 3449 1073 3503 invenerit.
1088 3451 1120 3503 ln

66 3525 149 3579 smrdii
173 3547 258 3600 genus
288 3531 377 3584 risam
399 3547 414 3582 a
438 3530 516 3584 nobis
535 3531 583 3584 in.
611 3549 722 3584 nummo
737 3543 862 3602 argenteo
885 3531 1007 3584 maximas
1026 3530 1121 3594 molis,

66 3599 132 3659 horto
146 3609 240 3680 Regio.
256 3609 290 3664 Η.
303 3640 343 3654 -
352 3609 436 3664 Nobis
446 3623 485 3663 est
501 3611 566 3662 Teu·
611 3612 698 3682 capite
709 3610 841 3672 laureato,
856 3627 888 3663 cx
904 3622 980 3681 parte
992 3609 1073 3662 altera
1082 3609 1122 3661 le·

67 3687 129 3738 trien
145 3686 296 3742 Soorodoaa'o
310 3681 321 3758 (
334 3690 466 3762 Didynara.
480 3709 563 3760 gyrata.
612 3691 698 3761 gimus
717 3694 926 3744 altercarer.
946 3689 994 3741 Est
1015 3688 1059 3740 laic
1074 3707 1123 3740 nn·

68 3777 116 3829 gea.
128 3767 196 3838 1³72
211 3769 286 3822 Pera.
298 3769 397 3822 Labiat.
406 3766 502 3832 lusa).
514 3770 566 3823 Ha·
611 3789 670 3824 mua
678 3771 705 3823 in
715 3770 765 3823 hac
773 3770 851 3831 urbe,
861 3767 934 3840 apud
943 3769 978 3820 D,
988 3785 1025 3820 ns
1034 3769 1123 3833 Boea,

69 3839 121 3898 bitu
133 3847 162 3900 in
177 3848 250 3902 silvis
272 3863 298 3902 et
312 3850 339 3902 iu
355 3850 470 3902 arenosis
481 3847 568 3902 oditis.
613 3869 643 3903 ea
660 3847 801 3903 Academia
814 3849 908 3918 gallica
919 3888 927 3913 ,
939 3861 966 3902 et
983 3849 1011 3901 in
1024 3847 1123 3902 Acade·

69 3921 134 3978 litai.
148 3927 241 3980 Iohel.
255 3929 479 4000 Observatum.
496 3933 568 3994 2623
614 3931 667 3982 mia
686 3928 890 4000 inscriptionum
902 3968 910 3994 ,
920 3928 1125 3982 humaniorum·

73 3999 454 4076 Hira.tteiherb.1,2oa.un.
613 4027 665 4081 que
682 4009 828 4062 litterarum
844 4007 1014 4063 secretarium
1033 4008 1125 4078 publi·
1237 4011 1246 4022 '

104 4085 125 4137 5.
137 4087 175 4139 Et
187 4091 250 4140 inter·
263 4089 314 4141 olio
323 4127 331 4155 ,
340 4086 463 4142 etc.Vide
475 4087 570 4142 Galen:
613 4108 683 4142 curn.
700 4085 793 4141 liano.
