2925 5009
271 454 549 525 excursus
574 458 602 525 1.
628 458 696 525 DE
728 454 954 527 sturno
1077 481 1146 555 777

79 574 184 647 erisque
200 574 330 647 spicibns.
348 574 448 629 Eorum
469 576 547 648 calyx
566 594 598 631 ex
616 576 739 649 quinque
756 576 852 649 petslis
862 576 1036 649 componitur
1046 592 1155 651 septem

78 676 176 718 octove
187 663 272 717 linens
284 664 386 736 longis,
398 664 496 729 oretis,
508 664 613 718 venosis
623 676 648 717 et
661 676 771 719 externe
782 664 898 727 villosis,
909 666 937 718 iu
949 665 1059 741 longum
1069 682 1097 721 et
1108 686 1151 723 re·

77 770 194 805 curvum
211 770 325 805 acumen
343 749 534 805 desinentibus.
553 752 597 805 Ex
617 752 670 807 boc
689 754 782 825 calyce
799 752 885 826 surgit
903 754 1033 824 pistillum
1048 754 1150 821 viride,

77 838 154 912 quod
167 839 266 893 deinde
278 840 332 894 sbit
346 840 373 895 in
387 840 504 893 fructum
517 840 762 913 multicepsnlsrem
775 859 874 914 ,quern
891 842 932 894 Cl.
946 843 1152 899 Touruefortius

77 948 134 983 nun
148 928 297 1000 descripsit.
316 931 349 983 ln
368 930 503 983 montibus
517 931 585 983 circs
604 928 760 1003 Cydonem,
771 932 852 1002 vulgo
864 935 892 983 ts
905 935 1000 997 Canes,
1013 933 1099 987 Creta
1110 937 1152 987 in.

77 1018 144 1071 rute
157 1016 329 1089 metropolim
345 1018 400 1070 bec
413 1018 504 1088 plaute
516 1016 641 1069 luxuriet.

113 1106 174 1158 Alia
186 1109 245 1178 ejus
254 1106 312 1158 cisti
325 1106 428 1176 species
436 1105 477 1157 vel
488 1105 578 1178 potins
588 1104 700 1157 serietas
712 1124 726 1157 e
741 1105 900 1173 peritissimo
911 1104 957 1159 illo
967 1105 1093 1163 boteuico
1104 1110 1156 1163 ob·

78 1208 181 1248 servate
198 1194 266 1257 fuit,
280 1194 344 1247 huic
357 1212 466 1264 prorsus
479 1193 586 1256 similis,
600 1192 645 1246 sed
660 1191 726 1245 llore
737 1194 817 1265 louge
827 1196 943 1265 majore;
957 1215 1017 1268 qun
1027 1197 1055 1249 in
1067 1198 1153 1252 Ponto

77 1282 206 1343 nescitur,
217 1293 243 1335 et
254 1281 353 1335 dicitnr
369 1282 450 1335 cistus
464 1280 628 1345 lsdsnifern,
641 1280 791 1343 orieutslis,
804 1280 869 1335 flore
882 1300 1021 1355 purpureo
1038 1288 1153 1357 majore,

78 1370 181 1425 Coroll.
194 1370 261 1423 lust.
273 1371 304 1422 tt.
318 1369 352 1423 Η.
368 1386 408 1437 ¹9·

114 1457 259 1512 Lsdsnum
273 1456 380 1511 duobus
390 1456 477 1511 modis
491 1456 654 1511 Dioscuridis
666 1468 787 1531 tempore
798 1476 880 1529 super
890 1457 961 1511 bsuc
972 1459 1087 1529 plenum
1096 1460 1153 1514 col-

78 1548 223 1621 ligebatur.
236 1548 327 1613 Quum
341 1547 400 1600 cisti
413 1546 538 1609 frondes,
556 1546 662 1617 inquit,
678 1558 827 1618 pascuntur
838 1564 923 1614 cupre
939 1546 1078 1619 bircique,
1093 1548 1153 1620 piu-

76 1634 226 1707 guedinem
236 1636 318 1687 barba
332 1646 459 1706 carpunt,
470 1646 496 1688 et
506 1653 556 1688 suo
569 1635 670 1688 lentore
681 1634 778 1689 villosis
789 1636 916 1687 cruribus
929 1633 1154 1691 adberescentem

78 1734 218 1795 reportant
235 1742 242 1777 τ
258 1742 339 1795 qnam
355 1722 523 1793 depectentes
541 1723 633 1777 incole
646 1722 819 1794 columenque
831 1736 933 1793 cogunt
946 1724 974 1775 in
988 1724 1067 1787 offss,
1078 1738 1105 1778 et
1116 1726 1155 1780 its

77 1811 243 1867 recondunt.
260 1812 312 1865 Alii
327 1830 389 1867 vero
407 1812 525 1865 sttrsctis
548 1812 672 1865 funiculis
692 1810 850 1865 incidentem
868 1811 1009 1865 fruticibus
1025 1813 1154 1866 lentorem

78 1901 234 1972 abstergunt
246 1902 499 1972 conglomerentque
511 1898 538 1953 in
557 1898 690 1951 ledanum.
708 1898 776 1951 Hinc
790 1899 899 1971 quidem
918 1900 1067 1971 seplasierii
1083 1902 1156 1956 luds·

80 2008 147 2042 nunt
162 2008 196 2042 ex
207 2006 345 2061 ceprarum
362 1978 440 2041 barba
457 2000 626 2059 exemptum,
642 2000 668 2039 et
682 1987 808 2041 ludunum
823 1988 934 2041 funibus
946 1988 1087 2041 collectum
1099 1989 1154 2044 dis·

79 2077 205 2150 tinguere
228 2077 378 2130 voluerunt.
387 2074 488 2129 Verum
511 2088 538 2128 et
556 2075 668 2129 bellonii
692 2088 828 2147 tempore,
851 2088 877 2129 et
898 2074 997 2138 bodie,
1024 2077 1155 2133 referente

79 2165 325 2219 &Tournefurtio
336 2205 343 2229 ,
355 2182 424 2227 nnus
441 2174 544 2215 tentum
559 2174 617 2215 eret
629 2162 773 2234 colligendi
788 2161 893 2216 modus.
907 2162 994 2216 Grnci
1004 2158 1155 2236 colligendo

80 2252 178 2307 ledunc
193 2254 328 2324 peculiare
342 2253 548 2305 instrumentum
568 2264 673 2323 petent,
692 2265 779 2304 restro
794 2250 915 2305 dentium
934 2254 1034 2323 experti
1054 2254 1154 2321 simile,

80 2345 213 2415 inscript
226 2342 277 2395 illis
292 2340 403 2394 dictum.
419 2340 487 2393 Huic
503 2340 591 2393 stflrn
610 2349 672 2392 snut
685 2340 776 2391 multu
792 2339 882 2411 ligulsr
893 2340 949 2393 sive
960 2358 1034 2393 son·
1050 2360 1066 2393 e
1078 2342 1155 2396 corio
1227 2351 1234 2366 '

79 2430 142 2485 rudi
155 2450 209 2485 nec
223 2444 371 2503 properato
384 2429 513 2483 confecta
527 2447 533 2479 ε
547 2446 589 2481 sss
603 2446 652 2499 per
661 2446 781 2481 summos
794 2425 904 2481 srdcres
917 2428 981 2481 solis
991 2446 1071 2499 super
1081 2428 1155 2484 isde-

80 2519 183 2573 nifcros
204 2518 312 2571 frutices
331 2516 444 2569 volvunt
460 2527 486 2569 et
500 2516 654 2577 revolvunt,
666 2526 696 2567 nt
709 2514 838 2567 iuberent
848 2516 982 2570 resiucsus
996 2517 1040 2571 ille
1053 2517 1154 2573 humor

79 2609 152 2661 circe
166 2606 229 2660 folis
244 2618 402 2671 concretus,
415 2604 462 2676 qui
477 2602 575 2657 deinde
588 2603 679 2655 cultris
693 2602 809 2672 eligniis
819 2602 988 2656 ebrsdendns
997 2617 1045 2658 est.
1059 2608 1156 2680 ltaque

79 2697 209 2751 ludunum
222 2693 365 2765 colligendi
379 2712 512 2755 summus,
524 2693 608 2745 immo
621 2691 792 2745 intolerabilis
801 2702 841 2744 est
855 2692 967 2755 labem
979 2695 1086 2747 rusticis
1098 2708 1156 2749 ten·

80 2782 224 2837 tummodo
241 2793 380 2853 susceptus
390 2802 398 2847 ;
420 2799 503 2853 qunru
524 2792 595 2833 totos
615 2779 670 2833 dies
689 2777 876 2831 ardentissimo
885 2778 1020 2835 Csuicnlsr
1040 2794 1106 2835 testu
1124 2784 1154 2836 in

81 2871 219 2925 montibus
231 2868 329 2923 benere
344 2886 451 2923 necesse
465 2868 506 2921 sit.
524 2866 625 2940 Siquis
641 2879 731 2919 tamen
748 2866 814 2919 buic
825 2866 911 2919 labori
924 2866 1030 2921 assidue
1043 2888 1154 2940 operam

82 2974 177 3021 neret,
191 2977 248 3011 unc
262 2957 307 3011 die
322 2957 462 3029 plusquam
475 2968 528 3010 tres
539 2954 628 3009 ludeni
642 2955 722 3009 libres
734 2972 781 3007 seu
795 2956 829 3018 48
841 2972 930 3024 scrup.
944 2955 1068 3027 colligere
1078 2976 1156 3029 posse

80 3058 213 3102 amnt.
227 3044 347 3116 Tempus
359 3044 423 3097 buic
437 3042 515 3112 operi
528 3040 698 3114 suscipiendo
716 3041 800 3112 surgis
818 3039 945 3093 idoneum
957 3055 1014 3104 est,
1031 3044 1156 3099 seviente

80 3132 207 3189 Cenicnle
216 3168 225 3193 ,
235 3149 296 3183 sere
308 3130 370 3183 eolis
383 3128 479 3183 ardore
495 3140 636 3191 utusute,
647 3145 697 3181 nec
711 3128 795 3180 ventis
812 3126 927 3198 egitsto:
941 3140 1005 3182 tunc
1021 3130 1089 3182 enim
1102 3131 1155 3184 bu·

83 3240 141 3275 mor
150 3216 442 3281 illesbnndeexsudet,
451 3229 477 3269 et
490 3233 573 3286 purus
582 3214 863 3284 obtinetur;elioqnin
875 3216 960 3268 ventis
970 3216 1069 3288 agitato
1081 3236 1156 3286 sere,

84 3309 170 3363 multo
183 3306 296 3379 pulnere
304 3318 330 3359 et
344 3302 466 3357 sordibus
478 3301 784 3373 conmuniceverum
800 3320 850 3355 nec
866 3302 944 3355 facile
957 3315 995 3356 est
1006 3323 1106 3376 purum
1119 3306 1154 3359 sb

83 3397 178 3451 incolis
194 3394 316 3450 obtinere
332 3392 480 3457 ladanum
497 3388 715 3463 quondoquidem
729 3387 839 3442 sordido
852 3408 945 3443 surore
958 3391 1024 3443 lucri
1033 3396 1153 3465 promoti

82 3484 223 3541 sreunlatn
234 3480 377 3555 quemdem
389 3479 491 3553 nigrum
505 3478 706 3532 minutissimum
717 3490 743 3530 et
752 3478 930 3550 ferrugineum
941 3499 1000 3552 quse
1009 3482 1047 3535 ibi
1053 3480 1154 3554 reperi·

83 3587 137 3637 tur,
150 3572 217 3627 buic
229 3570 374 3625 admiscere
386 3570 489 3631 solent,
500 3586 556 3640 qno
567 3566 655 3619 lsdsni
665 3564 770 3637 pondus
782 3566 894 3619 multum
906 3580 1029 3637 nugetur.

117 3661 247 3716 Mulieres
257 3678 349 3731 grecis
362 3658 455 3731 globos
469 3676 500 3711 ex
512 3654 606 3711 ledunc
619 3655 691 3719 rulo,
705 3656 748 3709 vel
761 3673 823 3709 cum
836 3656 929 3709 umbre
945 3657 1076 3726 permisto
1090 3678 1156 3714 con.

85 3752 181 3813 lectos,
192 3750 328 3812 menibus,
345 3746 531 3803 oblectamenti
541 3743 623 3817 gretie
634 3780 641 3807 ‚
652 3754 721 3815 snpe
735 3753 875 3817 gestantes
888 3744 1013 3799 odorent.

119 3837 262 3894 Ledenum
280 3850 385 3891 externe
400 3834 537 3889 admotum
549 3834 671 3899 emollit,
685 3830 843 3901 concoquit,
856 3843 976 3885 attenuet
989 3846 1016 3887 et
1028 3835 1156 3903 resolvit;

86 3928 189 3980 interne
196 3943 259 3978 vero
268 3923 413 3997 adstringit,
421 3921 527 3976 roboret
536 3932 563 3975 et
574 3920 680 3975 dolores
691 3919 774 3974 sedet.
785 3919 874 3971 Minus
886 3919 1012 3991 frequens
1021 3933 1109 3975 temen
1118 3935 1157 3977 est

86 4014 156 4067 illius
169 4032 232 4067 nsns
246 4013 375 4067 internus.
392 4010 433 4065 sd
450 4009 626 4065 ventriculum
640 4006 838 4070 roborandum,
857 4018 883 4060 et
894 4008 1096 4068 concoctionem
1106 4012 1156 4080 jn·

88 4102 215 4165 rsndsnr,
233 4099 358 4155 adversos
373 4116 487 4153 serossur
509 4096 650 4155 colluviem
671 4108 698 4150 et
715 4095 869 4157 cstsrrbcs,
885 4106 911 4147 et
933 4095 960 4147 in
982 4095 1183 4169 dysentericis..

169 4206 253 4273 Vll.
1003 4194 1050 4269 50
