2925 5009
327 469 1228 497 §ssmfflfflmfflmmm
1233 476 1379 499 m

612 583 1148 767 excursesr(

702 869 767 937 na
791 818 993 937 nauseo,

505 1030 542 1077 le
552 1046 579 1078 sa
592 1030 662 1077 Plinii
678 1031 768 1085 serbe,
780 1030 823 1077 lib.
833 1032 924 1085 xxvt,
942 1046 996 1093 esp.
1007 1029 1050 1085 ³0,
1064 1046 1121 1093 pag.
1135 1046 1199 1091 ooo:

312 1162 362 1231 Et
383 1160 521 1231 ladano
540 1166 672 1233 st'stitur
696 1158 800 1231 alvus
821 1175 973 1259 utroque
996 1187 1007 1229 :
1033 1160 1137 1258 quod
1154 1166 1194 1233 in
1213 1160 1383 1258 segetsbns

721 1274 890 1355 nascitur,
908 1284 973 1341 etc.

703 1440 992 1471 -.ψ-

344 1598 483 1653 Ladanunr
497 1598 540 1653 vel
553 1596 718 1664 labdanum,
733 1596 792 1661 Oli.
803 1595 919 1664 necne,
934 1597 1105 1653 Grs'ecornm.
1119 1600 1169 1654 Est
1185 1602 1333 1655 substantia
1342 1620 1380 1657 re·

309 1690 409 1755 sinosn,
420 1690 498 1761 cujus
511 1686 572 1741 duas
585 1686 687 1759 species
706 1686 736 1739 in
749 1685 865 1739 officinis
876 1699 1042 1740 occurrunt:
1056 1705 1109 1740 una
1126 1688 1155 1741 in
1168 1709 1266 1744 massas
1279 1709 1381 1763 compa·

309 1788 350 1831 ctn
366 1775 537 1850 grandiores,
548 1774 654 1840 rnolles,
667 1771 703 1827 ad
717 1774 853 1845 emplastri
863 1774 907 1827 sel
919 1775 1030 1829 extracti
1043 1775 1241 1831 consistentiam
1256 1776 1378 1832 acceden-

310 1875 364 1930 tes,
378 1865 448 1917 intra
462 1863 558 1937 digitos
574 1864 759 1927 lentescentes,
775 1864 935 1928 crassiores,
953 1862 1037 1917 odore
1047 1876 1139 1936 grato,
1155 1867 1247 1919 colore
1259 1886 1293 1921 ex
1308 1866 1378 1919 rulo-

308 1954 490 2024 nigrescente,
503 1950 597 2006 vesicis
608 1969 656 2006 seu
670 1949 803 2021 pelliculis
822 1950 975 2019 involutas,
994 1952 1077 2025 vulgo
1096 1957 1234 2006 hunnum
1248 1975 1280 2005 ers
1295 1972 1378 2007 nasus

308 2060 340 2092 on
353 2060 383 2091 aa
396 2044 491 2108 peine:
510 2038 591 2092 altera
607 2055 671 2091 sero
690 2038 719 2091 in
732 2055 816 2109 penes
833 2050 971 2092 contortos
993 2051 1019 2093 et
1042 2041 1271 2105 circumvolutus,
1289 2042 1376 2101 nonos.

309 2128 407 2191 duros,
423 2127 543 2199 fragiles,
557 2126 605 2199 qui
624 2138 714 2179 tamen
730 2125 849 2178 calefacti
865 2127 1009 2195 paululum
1027 2128 1206 2192 mollescunt,
1219 2131 1328 2183 arenula
1340 2142 1376 2182 te·

309 2216 355 2269 nni
369 2216 444 2288 nigra
455 2214 615 2287 permixtos,
627 2214 719 2270 colore
730 2213 820 2283 nigro,
831 2212 915 2267 odore
925 2213 1062 2283 debiliori,
1070 2218 1153 2290 vulgo
1166 2218 1195 2271 in
1208 2218 1321 2272 officinis
1330 2222 1375 2269 lsi·

308 2308 401 2357 danum
412 2307 438 2355 in
452 2306 530 2355 sonis.
545 2304 608 2355 llaec
622 2302 791 2373 frequentius
808 2301 948 2374 reperitur.

343 2390 483 2447 batianum
496 2388 759 2461 eligatur-‘odoratum
771 2428 778 2453 ,
791 2388 876 2443 odore
887 2388 993 2456 valido,
1006 2389 1053 2444 sod
1070 2391 1164 2455 suasi,
1178 2391 1373 2456 inflammabile,

305 2496 504 2549 accensumque
523 2488 627 2549 gratum
647 2475 760 2529 odorem
777 2476 919 2541 exhalans,
935 2476 1026 2531 calore
1046 2478 1125 2532 facile
1140 2481 1314 2545 mollescens,
1327 2498 1372 2552 pa-

306 2584 367 2621 runt
383 2584 390 2619 τ
406 2566 575 2637 improbatur
586 2582 665 2618 arena
679 2564 791 2634 aliisque
806 2563 932 2618 sordibus
943 2566 1126 2637 inquinatum.
1145 2568 1189 2621 Ex
1204 2569 1292 2623 insula
1302 2569 1371 2623 Creu

305 2654 416 2725 aliisque
429 2652 508 2706 maris
518 2652 600 2723 AEgaei
609 2652 701 2705 insulis
716 2654 840 2707 allertur.
846 2654 992 2707 Veteribus
999 2654 1100 2707 Graecis
1113 2656 1241 2711 innotuit.

341 2742 403 2795 Htec
417 2740 503 2793 resina
517 2751 637 2811 tempore
654 2740 746 2793 aestivo
759 2741 872 2795 exsudat
888 2760 920 2793 ex
939 2741 1010 2794 soliis
1030 2740 1143 2813 plantas,
1158 2762 1222 2815 qun
1234 2741 1368 2797 dicitnrrs'·

305 2844 361 2885 stus
375 2828 518 2883 ladauilera
534 2828 644 2893 cretica,
660 2826 727 2881 flore
743 2828 1085 2900 pnrpureo,(¹oroll.1nst.
1097 2832 1131 2883 lt.
1143 2830 1179 2883 ll.
1192 2851 1225 2901 19
1237 2851 1245 2884 :
1255 2830 1368 2885 ladanum

304 2920 446 2979 creticum,
462 2916 492 2969 P.
510 2916 601 2989 Alpin.
621 2916 700 2969 Exot.
718 2918 763 2970 88.
782 2916 883 2970 Frntex
897 2928 937 2969 eat
953 2934 1086 2986 ramosus,
1108 2921 1238 2990 patulus,
1253 2920 1367 2993 supinas,

304 3008 382 3061 bumi
395 3024 516 3079 sparsus,
530 3004 577 3075 qui
595 3003 629 3057 ad
643 3002 768 3077 pedalem
786 3004 971 3076 bipedalemse
988 3005 1156 3061 altitudinem
1177 3009 1316 3061 attollitur.
1332 3006 1366 3057 Es

304 3095 396 3151 radice
412 3095 489 3155 dura,
510 3094 624 3163 lignosa,
638 3092 709 3147 intus
722 3093 892 3159 candicante,
907 3094 973 3148 loris
988 3095 1155 3158 rufescente,
1170 3096 1270 3169 pedem
1282 3098 1364 3166 longa,

305 3185 408 3245 librata,
423 3195 448 3237 et
463 3181 582 3253 capillata
595 3194 738 3253 assurgunt
753 3182 820 3234 rami
834 3182 954 3254 plurimi,
966 3180 1046 3247 duri,
1060 3182 1189 3255 pollicem
1203 3204 1271 3258 sape
1280 3180 1364 3243 massi.

304 3272 389 3337 lusci,
400 3288 601 3341 nonnunquam
616 3269 763 3336 cineracei,
772 3270 873 3323 cortice
886 3268 992 3337 hiulco,
1004 3272 1032 3323 in
1044 3272 1113 3325 alios
1126 3272 1243 3326 obscure
1253 3273 1364 3326 rubentes

304 3360 383 3415 divisi
402 3359 585 3419 ramusculos,
599 3374 717 3429 quorum
735 3359 854 3429 juniores
866 3358 968 3411 surculi
988 3355 1086 3411 hirsuti
1106 3373 1186 3424 sunt,
1205 3374 1232 3414 et
1250 3380 1281 3414 ea
1293 3355 1362 3414 virid

303 3446 489 3511 candicantea;
511 3444 583 3497 loliis
600 3445 720 3498 instructi
740 3444 811 3498 binis
826 3464 859 3498 ex
879 3444 991 3499 adverso
1006 3449 1192 3511 nascentibus,
1211 3443 1362 3502 obscureti-

302 3536 436 3601 rentibus,
447 3535 583 3605 oblongis,
604 3532 636 3585 ad
651 3534 725 3585 nram
739 3534 868 3601 sinuatis,
885 3553 948 3587 cunr
963 3535 1052 3589 nervis
1069 3546 1097 3587 et
1113 3538 1222 3590 venulis
1241 3533 1358 3609 plurimis·

301 3624 426 3697 pollicem
441 3622 539 3693 longis,
553 3634 614 3674 octo
629 3622 668 3674 vel
682 3640 776 3675 notem
787 3622 872 3675 lineas
883 3622 962 3687 latis,
976 3622 1071 3675 obtuse
1082 3624 1255 3689 acuminatis,
1265 3622 1360 3694 asperis,

228 3720 231 3727 '
301 3710 426 3785 pediculo
439 3721 492 3763 tres
503 3721 651 3781 quatuorve
669 3708 754 3762 lineas
765 3710 863 3783 longo,
876 3698 959 3763 unam
972 3712 1026 3765 lato
1036 3710 1153 3779 innixis,
1163 3713 1269 3785 saporis
1278 3710 1358 3766 berbs·

301 3802 356 3868 cei,
372 3801 465 3854 leviter
478 3797 596 3871 styptici.
611 3796 715 3850 Summi
729 3799 827 3851 ramuli
839 3799 954 3853 rosaceis
965 3812 1095 3853 ornantur
1108 3798 1240 3867 floribus,
1250 3802 1294 3873 qni
1305 3814 1358 3851 outt-
1376 3796 1384 3811 “

301 3900 371 3944 stant
385 3906 418 3941 ex
436 3886 558 3959 quinque
569 3884 665 3957 petnlis
683 3885 851 3951 uncialibus,
874 3886 946 3943 sarie
963 3901 991 3943 et
1005 3886 1176 3960 inequaliter
1193 3884 1355 3961 complicatis,

300 3972 487 4035 subrotundis,
509 3972 780 4043 purpurascentibus,
795 3973 867 4028 circa
887 3972 1040 4046 pediculum
1060 3977 1273 4048 angustioribus,
1288 3984 1312 4027 et
1325 3968 1354 4023 ad

301 4080 417 4137 unguem
435 4060 504 4114 flava
519 4058 620 4113 macula
635 4058 787 4129 insignitis,
800 4080 863 4117 cnm
876 4061 1038 4117 staminibus
1050 4063 1201 4119 numerosis
1216 4064 1305 4128 luteis,
1316 4058 1352 4110 ft·
