2925 5009
443 464 594 532 LlBER
626 462 770 532 xxvt.

44 618 145 689 quos
156 595 200 663 ab
211 594 264 663 bis
276 593 420 688 phthisis
431 608 553 677 tentat,
565 594 658 663 radix
668 594 779 663 herbae
791 580 1020 689 consiliginis³‚
1033 620 1132 691 quam

47 726 173 795 nuper
187 703 358 769 inventam
376 700 543 769 diximus:
562 724 659 770 suum
681 700 814 795 quidem
833 714 867 767 et
882 702 1009 795 pecoris
1027 706 1135 773 omnis

46 798 268 876 remedium⁴
282 830 427 902 praescns
443 821 493 875 cst
509 806 704 901 pulmonum
725 810 823 891 vitio,
839 805 891 875 vel
907 808 1044 903 trajecta
1060 824 1134 878 tan·

47 929 129 981 tum
165 915 201 981 in
224 910 383 983 auricula.
411 912 484 982 Bibi
505 912 606 983 debet
625 938 666 983 cr
687 936 791 1007 uque,
819 912 998 1007 haberique
1019 917 1053 983 in
1075 940 1134 985 ore
1187 980 1190 987 i

49 1020 195 1089 assidue
212 1018 276 1089 sub
292 1018 414 1113 lingua.
438 1020 637 1115 superficies
650 1022 725 1113 ‚ejus
738 1018 850 1089 herbae
860 1044 902 1088 an
917 1022 959 1089 sit
971 1022 1003 1087 in
1023 1020 1135 1116 aliquo

50 1152 140 1209 usu,
168 1126 283 1195 adbuc
317 1127 480 1195 incertum
513 1140 572 1195 est
599 1126 748 1195 Renibus
780 1126 915 1221 prodest
937 1124 1135 1223 plantaginis

51 1233 156 1301 cibus
164 1219 188 1301 ⁵.
210 1233 396 1301 Vettonica
413 1218 546 1326 potus⁶,
567 1235 736 1328 agaricum
756 1246 892 1326 potum,
911 1234 994 1303 utin
1009 1234 1116 1303 tussi⁷.

109 1337 506 1433 xx11.Tripotium¹in
527 1341 698 1408 maritimis
718 1340 865 1408 nascitur
886 1340 989 1427 saxis,
1009 1340 1066 1409 ubi
1082 1340 1131 1411 al·
1156 1362 1167 1399 ¹

96 1500 126 1554 3.
149 1499 240 1552 lindis
252 1498 331 1549 irerboe
350 1496 515 1569 consiliginis,
529 1512 580 1552 etc.
625 1497 692 1551 culta
711 1509 813 1568 partem
831 1498 983 1551 latissimam
1004 1519 1074 1553 anea
1093 1520 1136 1553 su·

55 1584 117 1636 ttoc
137 1580 228 1633 etiam
249 1576 369 1648 prodidit
386 1577 492 1631 Colum.
512 1580 581 1644 VH,
623 1578 688 1631 bula
702 1578 909 1644 circumscribit,
924 1578 960 1630 ita
975 1590 1005 1631 nt
1020 1580 1137 1633 mananti

56 1665 85 1730 5,
98 1682 129 1733 p.
145 1662 204 1712 ιδ’
220 1678 251 1709 :-
268 1658 353 1711 Ovem
367 1656 579 1727 pulmonariam,
623 1658 752 1728 sangnine
777 1658 893 1710 circulus
920 1672 1045 1729 appareat
1079 1672 1137 1713 tan·

55 1742 175 1813 inquit,
200 1738 327 1792 similiter
350 1750 380 1789 ut
404 1756 476 1789 suern
494 1738 581 1791 curari
624 1754 703 1808 quam
729 1735 826 1793 ductus
852 1738 947 1790 litterae
969 1756 983 1789 o
1005 1756 1015 1789 .·
1038 1737 1136 1793 deinde

56 1820 211 1883 convenit,
234 1817 331 1871 inserta
359 1834 407 1889 per
433 1818 579 1870 auriculam
623 1818 782 1869 intrinsecus
796 1834 826 1868 ex
838 1816 976 1887 superiore
992 1832 1067 1887 parte
1079 1838 1136 1873 me-

57 1918 143 1973 quam
159 1898 316 1952 veterinarii
330 1896 512 1968 consiliginem
533 1916 581 1949 vo·
625 1894 699 1949 dium
717 1896 789 1948 orbis
807 1894 933 1967 descripti
954 1899 1091 1962 transmit,
1112 1913 1136 1952 et

58 1992 208 2043 cant,etc·
226 1976 579 2047 »Etvt,5,psg.217:
625 1975 756 2030 foramini·
783 1976 852 2029 facto
880 1975 1047 2044 radiculam,
1072 1978 1135 2033 lava

63 2087 75 2107 ι
89 2056 307 2113 Ρηοοοοοίὶιω
318 2054 466 2109 remedium
481 2074 581 2127 mgnu-
625 2074 705 2109 manu
728 2054 865 2121 eitonam,
885 2068 945 2109 ante
966 2056 1028 2110 solia
1045 2070 1134 2111 ortum

59 2140 151 2193 aimus
180 2134 329 2198 radiculae,
354 2153 434 2206 quam
463 2150 582 2207 pastores
626 2135 736 2197 inserit,
749 2154 808 2207 qun
824 2137 1047 2207 quumarcccnti
1060 2138 1137 2209 plaga

60 2218 257 2289 consiliginem
269 2227 383 2269 vocant:
400 2233 429 2267 ea
444 2215 473 2267 in
489 2216 583 2267 Marsis
625 2214 816 2285 comprehensa
828 2228 882 2279 est,
897 2214 932 2267 ita
945 2216 1095 2271 continetur
1107 2232 1137 2271 ut

62 2299 207 2353 montibus
224 2296 341 2366 plurima
353 2295 479 2355 nascitur,
493 2296 582 2347 omni·
626 2294 696 2347 elabi
707 2312 762 2347 nnn
774 2296 872 2365 possit:
886 2295 912 2347 in
921 2307 1053 2365 pertusam
1067 2296 1137 2350 auri·

62 2398 115 2451 qne
127 2375 228 2449 pecori
242 2374 355 2427 maxime
373 2375 494 2427 salutaria
506 2386 553 2427 est.
567 2400 578 2421 ι
627 2374 713 2426 culam
728 2392 835 2427 omnem
848 2374 935 2427 morbi
945 2374 1001 2427 vim
1015 2388 1041 2429 et
1054 2376 1135 2447 pesti-

62 2458 289 2509 -Peoaiioritea
303 2454 378 2507 Prius
395 2455 487 2507 vitiosa
502 2454 583 2507 inter·
626 2454 683 2506 lens
704 2454 777 2506 virus
792 2454 882 2520 elicit,
897 2452 982 2507 donee
1002 2454 1075 2527 quod
1095 2474 1137 2509 su-

63 2538 216 2610 punctione
226 2535 266 2587 sic
277 2534 413 2604 legebatur
423 2556 430 2585 i
441 2560 453 2583 ι
465 2535 584 2587 Peculia·
626 2533 690 2586 bula
703 2534 934 2604 circumscriptum
955 2545 1007 2601 est,
1030 2534 1137 2589 demor-

65 2619 130 2671 riter
151 2629 267 2670 autem.
280 2653 306 2665 ..
323 2614 438 2685 pbtbiais
458 2624 549 2666 tentat.
567 2638 580 2660 ι
627 2610 909 2665 numentinum.

64 2698 102 2751 th
110 2696 146 2751 ad
156 2695 349 2758 verbenacam,
357 2693 449 2765 deque
461 2694 584 2765 proxime
669 2694 695 2745 5.
712 2692 950 2762 Plantaginiacibus.
961 2693 1044 2749 Marc.
1055 2694 1135 2767 Emp.

65 2790 126 2831 ante
137 2792 233 2831 mo
245 2785 314 2839 erat,
330 2773 468 2845 pertinere
478 2774 527 2826 ists
543 2772 582 2824 vi·
627 2790 652 2825 ο.
665 2788 753 2836 aava,
769 2790 796 2842 p.
815 2790 881 2843 179,
895 2772 998 2845 imponi
1014 2792 1045 2827 ex
1059 2776 1137 2829 melle

65 2854 210 2911 deantur.
228 2854 292 2906 Mox
311 2872 380 2905 uoaa
396 2854 515 2907 instituta
534 2870 583 2924 pe·
625 2852 702 2922 jubet
718 2852 798 2904 :bibi
822 2852 849 2905 in
869 2869 954 2923 pisso.
977 2854 1068 2907 Diosc.
1089 2856 1136 2920 11,

67 2936 159 3000 riodo,
174 2962 187 2983 ι
200 2932 286 2987 Radix
295 2933 401 2987 herba.
411 2974 418 2984 .
429 2972 437 2986 .
447 2934 582 2986 inventam
631 2931 695 2985 153.
707 2930 798 2983 Hran.

68 3014 205 3079 diximus,
226 3030 304 3067 auum
317 3012 441 3085 quidem,
456 3025 508 3065 ete.
522 3038 533 3059 ι
549 3014 584 3064 At
669 3014 696 3063 6.
709 3011 842 3062 Vettonica
848 3022 928 3079 potus
939 3010 1028 3063 Dicar..
1037 3012 1087 3075 tv,
1101 3034 1112 3067 1
1129 3034 1134 3064 :

69 3098 158 3165 priora
171 3096 222 3147 illa
236 3091 271 3146 de
283 3092 435 3162 phthisicis,
448 3091 482 3144 ad
496 3092 584 3145 oonsi-
627 3093 679 3143 Kal
698 3093 839 3161 rapptrtmir
864 3096 918 3161 pat·
944 3085 1047 3153 ὕδατος.
1072 3091 1136 3146 Ant.

69 3176 180 3246 liginem
190 3184 324 3244 spectare,
335 3172 436 3225 Plinius
446 3171 502 3243 ipae
513 3172 584 3223 libro
628 3169 722 3232 Musa,
739 3183 758 3223 t.
780 3169 814 3223 13
831 3186 838 3223 ε
857 3194 868 3217 ι
889 3168 932 3221 ad
949 3188 1043 3224 renum
1060 3170 1137 3225 dolo·

69 3256 212 3327 mperiooe
223 3252 375 3315 admonuit,
387 3270 447 3323 cap.
467 3252 521 3315 48,
536 3250 584 3303 nbi
628 3268 683 3302 rem
694 3267 701 3301 :
714 3249 864 3303 Vettonica
876 3248 1016 3303 drachmas
1028 3248 1094 3307 duae
1106 3270 1137 3305 ex

71 3333 295 3403 deoonsiligine:
310 3357 321 3380 ι
337 3330 461 3391 Prodest,
476 3331 583 3402 inquit,
628 3330 716 3383 mulso
730 3328 833 3401 cyathis
846 3326 966 3394 duobus,
981 3327 1045 3382 dum
1062 3332 1138 3384 bibe·

72 3427 101 3467 ut
117 3411 365 3469 demonstrabimus
380 3429 430 3463 auo
445 3411 519 3473 loen,
538 3408 585 3462 de-
628 3410 677 3467 rit,
689 3426 767 3461 sanus
781 3409 840 3461 erit.
853 3432 864 3454 ι
881 3407 971 3461 lirun.

71 3494 224 3565 ploratiain
245 3490 346 3563 pbtbisi
363 3511 370 3541 e
387 3515 399 3536 ι
417 3489 585 3543 buncuimi-
670 3508 696 3559 7.
714 3491 848 3557 Agorienm
865 3500 963 3557 potum,
983 3502 1010 3541 nt
1026 3494 1051 3541 in
1070 3496 1137 3545 tussi.

72 3592 143 3633 rum.
162 3590 248 3645 quern
266 3588 340 3624 nunc
355 3588 502 3634 versamus,
521 3588 585 3640 pro·
630 3569 719 3622 Dioac.
731 3569 788 3633 111,
808 3566 939 3620 nitran.

73 3655 189 3725 spiciena
208 3654 310 3706 locum.
327 3650 419 3702 Hran.
439 3680 479 3691 -
495 3648 587 3701 Hirta
669 3648 758 3701 xxn.
770 3667 792 3700 1.
808 3648 950 3718 Tripolim.
959 3648 1079 3701 Dioscor.
1087 3650 1136 3713 IV,

75 3736 232 3803 mitigiuis.
244 3732 348 3803 Nempe
358 3730 523 3782 Pulmonaria
535 3748 585 3782 no·
632 3725 701 3793 ¹35,
714 3726 825 3780 totidem
839 3726 926 3781 verbis
934 3744 942 3778 t
951 3730 1076 3799 Tpaoiroi
1085 3732 1141 3801 pir-

76 3824 134 3867 stra
166 3811 325 3881 officinalis,
357 3808 393 3861 de
429 3826 480 3879 qua
513 3809 584 3861 coni.
629 3808 920 3879 rmiaaupubaluuaiote
929 3806 1023 3873 τόποις,
1033 3808 1072 3869 οὓς
1087 3814 1141 3863 irrr-

76 3892 122 3947 lib.
135 3892 229 3955 m,
240 3908 301 3962 cap.
315 3889 359 3954 48.
373 3890 425 3941 Eu.
629 3888 735 3949 albini
750 3888 878 3951 tabanos,
891 3886 1080 3959 auidaqupsi,
1089 3902 1139 3943 etc.

116 3979 144 4035 4.
158 3970 236 4024 Sus·
254 3970 350 4043 quidm
367 3982 392 4020 et
403 3972 496 4040 peeoris
510 3972 586 4020 omnis
629 3968 747 4038 Vulgare
765 3966 902 4037 tripoliunr
920 3984 933 4017 n
955 3966 1068 4021 Lobelio
1081 3969 1141 4040 pin·

77 4053 217 4113 muns.
228 4062 280 4103 etc.
294 4052 327 4103 ln
342 4051 424 4102 boum
437 4048 586 4121 pestilemia
631 4047 714 4118 gitur,
728 4047 755 4098 in
772 4046 850 4099 Obss.
864 4064 891 4117 p.
913 4044 979 4117 157,
997 4059 1077 4119 atque
1091 4049 1142 4102 linc

80 4129 302 4196 mimmii.
326 4130 378 4195 vt,
394 4146 454 4200 esp.
473 4127 502 4193 s,
515 4104 586 4181 ..ni
632 4124 992 4198 intemperantium
1005 4128 1143 4200 erponem
