2925 5009
326 413 395 515 592
593 415 1120 490 c.1³tht11NAT.1ssst.

322 547 530 644 perhibetur,
544 562 583 616 ut
597 547 731 619 incluse·
749 547 875 620 circulo
885 549 908 576 ¹²
924 549 996 642 ejus
1011 559 1190 643 serpentes,
1208 549 1300 640 ipsae
1319 571 1390 616 sess

321 656 514 724 interimant
535 653 743 752 flagellando.
766 639 911 726 Datur¹³
933 655 977 724 ad
998 657 1084 724 ictus
1102 677 1208 722 semen
1227 653 1309 744 ejus
1332 653 1388 722 de·

321 761 407 829 narii
423 759 570 856 pondere
584 785 662 830 cum
676 763 781 832 tribus
793 761 923 856 cyathis
933 761 1021 830 vini:
1037 759 1091 828 vel
1105 759 1204 828 farina
1213 759 1389 830 drachmis

323 866 428 935 tribus
446 869 589 936 sextario
608 891 702 962 aquae
718 871 911 964 imponitur.
929 865 1146 949 Cantabrica,
1162 865 1387 952 dictamnum,

323 961 565 1042 aristolochia¹⁴
587 973 736 1044 :radicis
763 973 926 1044 drachma
951 975 987 1041 in
1015 973 1084 1040 vini
1109 971 1238 1040 hemina
1269 974 1388 1065 saepius

322 1077 475 1148 bibenda.
497 1078 637 1152 Prodest
652 1095 687 1149 et
704 1078 785 1150 illita
799 1105 841 1150 ex
854 1095 950 1150 aceto
969 1105 977 1147 ε
1000 1077 1147 1148 similiter
1166 1076 1388 1172 plistolochia.

323 1185 416 1274 Quin
436 1198 471 1254 et
491 1187 628 1256 omnino
647 1210 807 1282 suspensa
815 1209 927 1282 supra
945 1184 1061 1256 locum
1085 1185 1211 1279 fugate
1232 1183 1387 1253 domibus

325 1305 510 1385 serpentes.

294 1423 304 1457 ι
378 1398 470 1466 ΙΝΙ.
496 1391 589 1487 (lx.)
612 1397 831 1496 Argemonia¹
855 1423 1004 1494 quoque,
1029 1396 1140 1467 radice
1168 1397 1237 1491 ejus
1264 1395 1386 1466 denarii

324 1501 472 1598 pondere
494 1505 529 1573 in
547 1503 616 1573 vini
634 1505 761 1600 cyathis
776 1505 885 1576 tribus
898 1519 988 1600 pota.
1004 1502 1106 1573 Plura
1121 1502 1164 1572 dc
1178 1526 1216 1572 es
1232 1502 1386 1571 convenit

325 1609 404 1692 dici,
424 1611 616 1704 caeterisque
632 1637 705 1706 quae
721 1613 867 1707 primum
879 1610 1163 1679 nominabuntur:
1181 1613 1214 1678 in
1225 1635 1269 1678 eo
1281 1621 1383 1677 autern

325 1739 447 1811 genere
486 1714 640 1785 medendi
669 1720 816 1812 primum
848 1719 1014 1786 nominari
1044 1739 1229 1810 quamque,
1257 1717 1294 1784 in
1325 1735 1383 1808 quo

326 1822 469 1890 maxime
478 1820 612 1892 valebit.
629 1823 719 1892 Folia
735 1825 853 1911 habet,
870 1823 981 1918 qualia
995 1821 1190 1906 anemonc²‚
1206 1822 1312 1891 diuisa
1325 1817 1382 1913 apii

325 1926 445 2012 modo,
465 1942 567 2024 caput
580 1930 614 1998 in
630 1929 796 1999 cauliculo
815 1931 991 2026 papaveris
1008 1927 1187 2013 silvestris,
1205 1930 1284 1996 item
1301 1924 1380 1993 radi·

325 2057 409 2103 cem.
425 2035 570 2104 Succum
592 2037 682 2104 croci
700 2035 813 2106 colore
833 2060 944 2106 acrem
965 2048 999 2104 et
1020 2050 1168 2103 acutum
1189 2034 1339 2103 Nascitur
1351 2043 1381 2098 et

325 2141 360 2208 in
378 2140 465 2209 arvis
484 2139 573 2234 apud
592 2167 661 2211 nos.
684 2144 799 2212 Nostri
813 2144 876 2212 tria
892 2165 1013 2236 genera
1030 2140 1102 2232 ejus
1120 2123 1283 2224 faciunt³‚
1299 2151 1331 2206 et
1348 2133 1377 2204 id

325 2243 461 2314 demum
478 2245 639 2340 probant,
668 2249 762 2343 cujus
779 2247 873 2318 radix
889 2247 968 2317 thus
986 2246 1146 2316 redoleat.

369 2411 412 2445 rs.
428 2393 463 2446 Ut
474 2393 572 2447 laelusoe
583 2397 687 2462 odardo,
701 2411 750 2451 etc.
762 2397 838 2452 Nihil
880 2397 982 2468 campis
988 2396 1115 2448 arenosis.
1122 2397 1203 2450 Conl.
1212 2395 1247 2448 de
1255 2407 1376 2454 summe,

326 2469 450 2525 Dioscor.
464 2471 565 2527 Mirum
578 2487 665 2529 tamen
679 2475 708 2529 id
718 2489 745 2530 et
755 2477 839 2531 adno-
885 2502 897 2524 ι
908 2495 987 2547 quam
997 2475 1075 2529 multi
1084 2494 1253 2547 argemonern
1264 2482 1374 2545 putant‚·

326 2550 447 2604 tandum.
460 2554 564 2606 Druso.
580 2585 621 2599 --
639 2557 681 2609 Ut.
694 2557 787 2610 Simile
802 2569 841 2611 est
882 2556 930 2610 lib.
944 2555 1030 2620 xm,
1045 2573 1105 2626 cap.
1122 2563 1170 2623 94.
1184 2555 1236 2607 En.

326 2629 400 2702 quod
425 2629 460 2684 de
483 2633 588 2688 fraxino
617 2636 716 2690 Noster
737 2637 841 2704 retulit,
926 2656 951 2689 a.
969 2635 1044 2688 Folia
1058 2635 1145 2699 tabes,
1165 2636 1249 2708 qualia
1271 2647 1373 2683 um·

326 2709 374 2765 lib.
389 2711 472 2778 XVI,
493 2729 551 2784 cap.
569 2720 614 2778 sd.
630 2715 721 2768 Ilion.
884 2715 948 2768 Huc
961 2714 1073 2768 totidem
1088 2714 1177 2768 verbis
1190 2707 1372 2771 DioscoridlI,

370 2791 415 2844 13.
437 2791 528 2844 Datur.
547 2793 787 2859 Diosc.1V‚1.ll.
887 2797 958 2858 208,
978 2807 1005 2847 et
1021 2794 1128 2846 Oribas.
1143 2795 1197 2857 xl,
1219 2811 1291 2864 ¹9⁰²
1310 2781 1370 2857 lap·

372 2875 417 2933 ¹4·
434 2871 606 2925 Aristolochia.
623 2873 692 2927 Plin.
705 2875 767 2928 vat.
780 2875 842 2940 111,
884 2873 964 2944 prim,
973 2874 1026 2925 ὅλον
1036 2874 1079 2944 pir
1093 2875 1162 2926 losse
1175 2876 1254 2944 ipsios
1266 2863 1370 2940 ἆγρῖίρῆ·

330 2947 367 3018 57
384 2967 391 3000 :
412 2974 424 2996 ι
438 2951 621 3006 Aristolochisa
634 2951 709 3006 radix
721 2953 842 3024 pondere
885 2972 960 3018 eurr,
974 2955 1002 3004 rh
1017 2949 1048 3006 di
1062 2953 1147 3022 φύλλον
1157 2953 1283 3023 despo'rp,
1293 2943 1367 3001 etc-E

329 3025 432 3081 denrrii
452 3030 480 3083 in
498 3031 553 3083 vini
573 3033 679 3086 hemina
693 3035 788 3106 saepius
799 3033 841 3086 lsi·
925 3031 952 3086 3.
972 3033 1035 3084 Tria
1046 3051 1138 3102 gerrem
1151 3035 1203 3103 ejus
1210 3034 1308 3099 sscism.
1318 3025 1369 3078 ute-

327 3107 423 3160 hitur:
446 3121 473 3161 et
494 3110 552 3180 ipsa
573 3129 605 3164 ex
627 3125 701 3165 aceto
725 3115 840 3167 contrita
884 3109 1000 3165 scorides
1017 3111 1129 3164 unicum
1149 3125 1250 3165 tontum
1261 3103 1367 3162 facit-ffi-

327 3187 476 3258 imponitur·
491 3189 583 3260 plage.
593 3217 604 3238 ·
616 3191 660 3244 Sic
676 3192 755 3244 etiarn
767 3194 843 3264 Apu·
884 3191 945 3244 nius
961 3209 1043 3262 supra
1059 3208 1222 3244 soemonens
1234 3191 1294 3244 dixit
1306 3199 1368 3239 stat·

327 3265 395 3318 leius
416 3285 473 3338 esp.
489 3287 517 3321 rx
533 3268 566 3322 de
579 3271 765 3336 aristolochia,
779 3285 798 3324 t.
813 3271 841 3338 5,
885 3289 1026 3343 gemonem
1043 3271 1152 3334 vocari,
1173 3270 1290 3342 quamvis
1302 3264 1366 3322 talto,

215 3391 217 3396 .
328 3345 820 3417 etTheophr.llisr.lX‚13.Hsrn.
883 3347 1365 3422 lih.XX1‚csp.s3.Secundumtt‘

367 3425 841 3500 LVI.ndrgemom's.Apulenses,
884 3447 936 3482 nus
963 3430 1016 3484 hoc
1041 3443 1088 3484 est.
1112 3428 1190 3483 ldem
1218 3433 1263 3484 lib.
1286 3418 1365 3480 xxiv,

328 3505 370 3558 tit.
386 3505 401 3559 5
416 3523 423 3558 ε
441 3531 452 3554 ι
468 3506 640 3562 Admorsum
655 3511 801 3579 serpentis,
815 3524 842 3564 er
884 3527 943 3580 cap.
962 3525 1007 3578 19,
1027 3510 1134 3582 lappam
1153 3511 1291 3564 canariam,
1306 3501 1362 3588 πὺξ·

327 3585 475 3657 scorpionis
487 3605 658 3657 percussum:
673 3589 841 3662 llerbsarge·
884 3588 959 3642 redis
977 3589 1129 3659 jucundum
1146 3587 1255 3646 odorem
1269 3581 1362 3639 thusin-

328 3665 418 3716 mouia
438 3664 574 3719 drachmis
595 3667 700 3721 dunbus
730 3669 758 3723 in
784 3670 844 3723 vini
884 3669 975 3721 milesn
992 3671 1090 3739 spirat,
1105 3685 1271 3740 argemonen
1282 3670 1362 3734 Μ’

327 3743 428 3813 cyathis
450 3744 556 3798 duobus
577 3747 652 3820 potui
674 3746 751 3816 dats,
773 3750 842 3804 mire
884 3749 1034 3818 nuncupari
1051 3747 1142 3801 tradit.
1156 3748 1218 3803 lloc
1233 3739 1360 3802 astutiw

327 3819 435 3876 discutit
454 3843 625 3882 venenum·
650 3829 683 3882 ll.
704 3831 841 3900 -Argo
884 3846 976 3899 genus.
993 3825 1069 3880 Idem
1089 3828 1138 3882 lit.
1159 3829 1265 3891 ΧΧἩ,
1281 3831 1362 3888 uper

327 3905 418 3955 mosia.
440 3904 524 3957 Nobis
547 3906 612 3960 item
631 3907 744 3980 Pupam
756 3911 841 3980 Arge·
867 3907 1064 3979 ingomerum
1078 3908 1159 3961 etiam
1171 3909 1359 3982 munt

285 3992 289 4000 '
325 3999 393 4035 sione
405 3977 537 4055 (Persam.
549 4005 677 4058 merom.
688 4007 750 4060 gen.
765 3989 838 4046 1255
884 3987 978 4058 pellari
994 3988 1254 4054 tourneoumuo
1266 3981 1290 4038 id
1300 3986 1359 4051 μ’

325 4061 398 4116 Pers.
412 4061 562 4134 Pspmrse.
577 4068 592 4120 J
596 4065 669 4132 uss).
689 4068 796 4124 llsbitst
811 4071 840 4123 in
885 4067 965 4122 srstni
978 4079 1072 4137 potest,
1085 4067 1154 4123 lisa.
