2925 5009
506 468 662 535 Lluuu
686 471 790 539 ιιι.
1162 492 1187 563 9

6 566 8 589 l
120 601 249 667 Larium
259 596 487 695 'publicorum
499 600 782 695 privatorumque,
796 624 837 670 ac
854 596 1107 695 sepulchrorum
1115 585 1140 688 ³,
1152 614 1188 671 et

119 708 263 775 Manium
280 732 290 792 ;
313 730 510 800 summaque
528 709 705 777 auctoritas
721 706 835 803 pactili
856 730 990 776 coronae
1001 692 1024 773 ⁴.
1044 692 1185 775 Sutiles⁵

155 915 179 947 ι.
197 894 305 949 Larium.
313 894 446 967 Lsrapud
461 896 586 949 Plautum
598 896 626 949 iu
669 900 752 960 λωτὸς
770 896 880 951 Eubulo
893 896 1008 949 murico.
1020 894 1101 967 Apud
1114 896 1187 951 Gre-

6 952 8 1039 ξ
120 976 272 1029 Aulularia:
292 1004 302 1021 ·
312 976 368 1028 lilia
381 994 433 1029 uua
445 990 502 1041 ειη
516 995 545 1029 ea
558 996 625 1048 quo·
671 998 717 1031 coa
733 996 857 1049 aporiam,
871 996 931 1049 que
945 975 980 1029 ad
1002 976 1090 1029 virum
1106 976 1185 1029 itura

6 1064 7 1073 ¹
119 1052 626 1117 tidiemihiAutthure,sutrino,aut
670 1072 759 1117 erant.
778 1075 811 1111 er
832 1058 920 1109 obviis
932 1054 1044 1108 floribus
1057 1048 1184 1109 cornuam

117 1134 203 1205 aliquo
222 1154 330 1205 semper
343 1136 548 1206 supplicatfflat
560 1136 625 1189 mibi
670 1138 720 1191 sibi
735 1137 878 1200 texebant,
894 1154 975 1208 quem
995 1136 1045 1187 sub
1061 1134 1185 1190 flumineo

117 1231 232 1267 coronas.
245 1241 257 1261 ι
274 1218 343 1267 Dar.
353 1247 393 1257 -
409 1216 509 1267 larium
518 1216 628 1286 publico·
670 1218 752 1289 capiti
761 1215 1105 1287 imponerentl'robrosuru
1113 1216 1183 1267 enim

120 1313 175 1345 rem.
187 1295 381 1365 Compitalium
397 1294 508 1347 scilicet.
521 1297 562 1348 De
570 1296 627 1366 pri·
669 1297 762 1350 fuisset
770 1310 887 1366 emptam
897 1308 1005 1367 gestare.
1013 1292 1143 1347 Alexand.
1150 1296 1184 1348 ab

118 1374 180 1427 ratis
193 1386 272 1444 atque
282 1373 452 1439 domesticis,
466 1373 533 1427 Cuto
543 1375 577 1429 dc
588 1376 627 1428 lle
670 1374 799 1430 Alexand.
817 1376 864 1428 lib.
882 1376 926 1438 ΙΙ,
939 1392 997 1446 cap.
1012 1375 1040 1427 5.
1056 1376 1124 1427 Dar„
1143 1406 1184 1418 -

118 1454 187 1505 Rust.
201 1472 261 1525 cap.
275 1471 363 1507 cunr
379 1470 387 1505 :
402 1479 413 1501 ι
427 1454 523 1507 Villicu
536 1455 626 1509 locum
671 1455 833 1509 retrusa:
845 1454 945 1527 plectili
954 1452 1043 1525 ‚quod
1052 1452 1124 1507 idem
1134 1468 1183 1507 est.

118 1551 210 1603 purum
242 1534 480 1597 circumierim,
506 1534 627 1605 quotidie
671 1536 853 1607 Emultiplici
866 1534 946 1599 flore,
962 1534 1081 1605 folioque
1097 1546 1182 1587 terte.

118 1612 268 1683 priusquam
292 1612 414 1665 cubitum
441 1626 494 1676 eat,
514 1614 628 1679 babeat,
675 1615 805 1677 ·Plexa,
827 1614 916 1687 inquit
930 1612 1042 1677 Festus,
1062 1613 1185 1685 colligata

118 1690 247 1756 kalendis,
257 1690 351 1745 idibus
358 1730 366 1757 ,
373 1692 467 1755 nouis,
482 1692 562 1747 festus
572 1693 628 1747 dica
670 1694 799 1768 significat
806 1732 815 1759 ,
823 1713 854 1747 ex
866 1712 953 1764 greco
963 1696 1063 1756 etiae,
1071 1718 1083 1739 ·
1095 1692 1125 1745 id
1135 1705 1184 1758 est,

119 1790 196 1841 quum
211 1774 423 1837 erit,couosa1
436 1772 465 1825 iu
481 1773 570 1827 focum
586 1775 627 1827 iu-
672 1776 827 1837 coucinuo,
855 1785 939 1839 texo,
961 1785 1049 1827 necto.
1075 1775 1183 1827 [Ιλικτὸι

119 1850 173 1915 dat,
190 1872 290 1923 perque
305 1871 351 1903 eos
363 1850 421 1904 dies
432 1852 493 1905 Lari
504 1852 628 1907 familiari
672 1855 761 1908 Greci
774 1852 888 1917 dicunt,
901 1866 926 1906 et
940 1855 1033 1907 nutris
1047 1870 1062 1903 a
1074 1855 1184 1923 πηγιῦυ.

118 1949 166 2001 pro
181 1933 260 2002 eopia
278 1933 423 2003 supplicet.
440 1958 450 1979 ι
473 1932 584 1985 Plautus
599 1933 628 1985 iu
673 1952 819 2005 compono.
833 1932 925 1987 llnu.

119 2012 629 2077 Triu.act.1,sc.n,r.1:«1arem
714 2015 741 2067 5.
762 2012 853 2065 Sutiler
879 2012 982 2065 atomi·
1003 2012 1080 2063 sacris
1097 2013 1185 2064 iuveni·

120 2109 215 2144 corona
238 2105 362 2144 nostrum
384 2089 504 2145 decorari
525 2092 624 2145 volo·
673 2112 724 2146 mus
742 2088 928 2155 (siclib.uute
942 2088 1073 2145 Harduin.
1089 2082 1183 2160 editi).

121 2171 483 2241 turen.su.1x,vs.137:
498 2196 510 2217 ι
521 2170 628 2243 Opurvi
672 2174 738 2245 Leg.
754 2172 886 2225 Saliorum.
903 2174 943 2225 De
963 2172 1061 2224 borum
1082 2168 1184 2225 iustitu-

119 2252 250 2321 nostrique
262 2251 360 2315 Lares,
374 2268 442 2320 quos
453 2250 533 2303 thure
544 2252 629 2305 miuu-
673 2254 762 2317 tione,
784 2252 853 2316 ritu,
877 2250 1073 2316 saltationibus,
1090 2252 1185 2304 carmi·

122 2342 161 2394 to,
177 2334 229 2384 Aut
243 2332 329 2395 farre,
347 2341 374 2381 et
384 2328 459 2382 tenui
470 2331 542 2383 soleo
553 2350 629 2385 exoa·
673 2351 720 2397 ue,
732 2332 844 2405 aucyliis
854 2330 1015 2385 etconviriis
1025 2331 1185 2401 sumptuosis

62 2410 69 2425 ⁸
121 2428 181 2463 uara
192 2409 308 2464 coronal
322 2435 333 2457 ι
353 2408 443 2462 Hauu.
674 2410 781 2465 abunde
795 2411 879 2463 multa
895 2406 1026 2463 Alexand.
1047 2410 1082 2463 ab
1106 2409 1184 2465 Alea.

158 2490 472 2560 &Aesepautmrumeic
480 2488 631 2543 Decemviri
674 2490 719 2545 lib.
735 2494 763 2557 1,
781 2512 805 2545 c.
822 2494 869 2545 26.
883 2489 969 2543 Salius
981 2490 1079 2552 Arcas,
1096 2492 1188 2543 AEueae

121 2569 180 2621 olim
201 2570 366 2623 sustulerunt
386 2580 566 2639 sumptuosam
588 2588 630 2622 re·
675 2590 785 2636 comes,
805 2570 937 2623 Saliorum
963 2569 1043 2621 ldarti
1067 2568 1186 2623 Gradivo

121 2650 288 2718 apertionem,
298 2646 326 2701 id
335 2663 384 2709 eat,
394 2662 538 2702 murratum
547 2649 631 2719 potio·
674 2669 810 2704 sacrorum
824 2650 990 2703 caltaionem
1003 2647 1137 2715 inctituit3
1152 2650 1186 2703 ab

122 2726 230 2781 uem:'et
242 2730 336 2799 longas
345 2746 474 2793 coronas,
485 2728 582 2799 quibus
590 2748 631 2781 or·
675 2748 707 2783 eo
721 2728 787 2784 dicti
799 2729 872 2784 Salii.
884 2731 917 2782 Iu
936 2727 1053 2782 denariis
1064 2731 1187 2783 romanis

123 2809 251 2861 nubantur
275 2808 368 2865 busta,
391 2808 548 2879 sepulchra,
561 2808 631 2861 sellas
677 2809 763 2863 Salius
772 2808 910 2880 effingitur
923 2808 1035 2863 amictus
1047 2820 1119 2861 reste
1127 2808 1187 2861 lou-

122 2889 235 2954 cnrules,
244 2888 365 2953 diceba,
377 2906 525 2958 currusque
537 2888 631 2941 trium·
676 2908 708 2960 ga
716 2928 724 2954 ,
733 2874 828 2942 dextri
839 2908 920 2941 mauu
930 2887 1074 2941 caduceum
1084 2902 1189 2953 teneus,

122 2966 278 3037 pbautiuuit
295 2986 358 3019 uam
373 2966 497 3020 rotundis
511 2966 632 3020 homiues
677 2969 784 3021 sinistra
795 2970 930 3041 clypeum,
940 2968 1026 3039 capite
1035 2968 1188 3039 galeatecto

123 3059 236 3100 utuntur.
260 3048 366 3099 Daune.
381 3075 420 3087 -
436 3045 629 3117 &pulchrorum
675 3047 857 3119 prominenti,
877 3047 912 3101 ad
934 3060 1074 3119 utramque
1094 3066 1186 3100 aurem

123 3124 194 3179 Idem
202 3126 304 3181 Tibull.
316 3126 365 3179 lib.
374 3126 411 3191 11,
422 3132 450 3189 4,
458 3146 483 3179 v.
493 3133 529 3197 47
540 3144 546 3179 :
558 3153 569 3173 ι
581 3128 631 3180 At·
674 3128 750 3199 apice
764 3128 888 3199 oblongo
907 3139 934 3180 et
954 3139 1042 3180 acuto.
1061 3126 1187 3181 Ursinus.
1252 3155 1257 3161 ·

123 3206 271 3279 quenliquis
279 3202 377 3271 senior,
385 3218 486 3259 veteres
493 3220 632 3259 veneratus
677 3210 777 3261 Dieuc.
791 3240 831 3250 -
848 3207 947 3260 Sutlles.
967 3206 1032 3259 Hoc
1043 3206 1187 3276 partilibus

123 3303 240 3350 amores,
264 3288 361 3339 Annua
382 3299 534 3340 constructo
561 3300 631 3339 serta
676 3300 865 3358 opponuntur;
876 3306 891 3339 e
904 3305 1025 3339 rosarum
1040 3284 1110 3339 loliis
1123 3304 1187 3339 oon·

123 3363 193 3419 dubit
203 3366 317 3419 tumulo.
328 3391 338 3411 ·
350 3368 429 3417 Διιιιι
437 3364 629 3437 sepuluhrrletn
661 3372 747 3421 'autam
761 3365 898 3431 Martialis,
906 3366 992 3431 lih.V,
1005 3364 1089 3436 epigr.
1103 3382 1185 3418 urar:

123 3446 242 3499 curonsri
255 3446 376 3509 solitam,
389 3462 421 3497 ex
436 3445 518 3497 veteri
537 3445 630 3497 iuscri-
678 3472 689 3493 ι
701 3446 861 3518 Pinguescat
878 3445 963 3498 nimio
985 3442 1107 3499 madidus
1121 3444 1188 3503 mihi

124 3524 210 3593 ptiuue
222 3525 306 3589 scito,
319 3544 379 3595 quas
393 3522 467 3594 apud
485 3524 630 3579 Gruterum
675 3526 755 3579 crinis
767 3544 874 3580 amomo
887 3563 896 3588 ,
909 3524 1103 3595 Lassenturque
1121 3524 1188 3577 rosia

122 3616 216 3673 tutat,
228 3623 256 3675 p.
270 3604 339 3674 715.
354 3602 444 3657 Haau.
676 3618 795 3677 tempora
806 3605 962 3659 curtilibus.»
972 3604 1007 3657 Et
1019 3604 1067 3657 lib.
1077 3604 1117 3657 tx
1125 3642 1133 3669 ,
1142 3622 1187 3674 ep.

162 3690 186 3747 4.
214 3684 358 3757 Summaque
386 3686 518 3735 auctoritas
544 3684 633 3755 pactili
675 3703 730 3747 xer,
747 3684 780 3738 ad
796 3685 936 3737 Flaccum:
952 3708 963 3730 ι
977 3680 1189 3753 Perfundasgla·

124 3782 220 3815 corum.
237 3764 356 3818 Plectilis
381 3781 487 3816 corona
507 3763 632 3815 meminit
676 3764 743 3817 ciem
761 3765 856 3817 triente
869 3762 961 3834 nigro.
975 3762 1104 3816 Frontem
1122 3762 1188 3815 auti·

125 3854 149 3893 et
167 3844 273 3897 Plautus
296 3844 325 3895 iu
341 3840 536 3903 Bacchidibus:
556 3865 566 3883 α
579 3843 631 3895 Pro
677 3844 747 3897 libus
761 3844 843 3897 ruber
856 3842 970 3895 coronis.
984 3869 995 3890 ι
1016 3844 1051 3895 Et
1068 3841 1132 3894 ibid.
1145 3862 1188 3911 ep.

125 3923 194 3989 galea
206 3924 361 3996 scaphium,
375 3942 425 3994 pro
436 3922 533 3993 insigni
546 3921 580 3974 sit
590 3940 633 3974 oo·
676 3942 738 3977 xciv
752 3943 759 3974 :
778 3946 790 3967 ι
802 3923 893 3977 Sutilis
905 3936 1014 3993 aptetur
1025 3920 1115 3976 decies
1129 3940 1190 3973 rosa

125 4002 188 4057 rolla
199 4004 319 4073 plectilis.
330 4030 341 4049 ι
353 4002 462 4071 maeri:
473 4000 633 4072 Xenophani
678 4003 804 4056 crinibus.
816 4030 827 4049 ι
841 4002 885 4055 Sic
893 4016 919 4054 et
927 4002 1023 4072 lapillos
1033 4004 1114 4053 curtiles
1127 4001 1191 4054 Pru·

127 4081 289 4153 Colophonio
306 4080 382 4154 apud
397 4082 576 4146 Athenaeum,
594 4103 633 4135 au·
679 4080 785 4136 (leutius
796 4080 1039 4155 appellat,b51uuo
1052 4100 1109 4145 rar,
1123 4098 1192 4133 vers.
