<?xml version="1.0" encoding="UTF-8"?>
<!DOCTYPE html PUBLIC "-//W3C//DTD XHTML 1.0 Transitional//EN"
    "http://www.w3.org/TR/xhtml1/DTD/xhtml1-transitional.dtd">
<html xmlns="http://www.w3.org/1999/xhtml" xml:lang="en" lang="en">
 <head>
  <title>
</title>
<meta http-equiv="Content-Type" content="text/html;charset=utf-8" />
  <meta name='ocr-system' content='tesseract 3.04.00' />
  <meta name='ocr-capabilities' content='ocr_page ocr_carea ocr_par ocr_line ocrx_word'/>
</head>
<body>
  <div class='ocr_page' id='page_1' title='image "./caiipliniisecun03plingoog_0809.png"; bbox 0 0 2925 5009; ppageno 0'>
   <div class='ocr_carea' id='block_1_1' title="bbox 295 446 1017 541">
    <p class='ocr_par' dir='ltr' id='par_1_1' title="bbox 295 446 1017 541">
     <span class='ocr_line' id='line_1_1' title="bbox 295 446 1017 541; baseline -0.007 -24"><span class='ocrx_word' id='word_1_1' title='bbox 295 446 365 541; x_wconf 73' lang='lat'>788</span> <span class='ocrx_word' id='word_1_2' title='bbox 647 448 923 517; x_wconf 78' lang='lat' dir='ltr'>axconsos</span> <span class='ocrx_word' id='word_1_3' title='bbox 948 449 1017 514; x_wconf 81' lang='lat' dir='ltr'>tv,</span> 
     </span>
    </p>
   </div>
   <div class='ocr_carea' id='block_1_2' title="bbox 294 562 1378 993">
    <p class='ocr_par' dir='ltr' id='par_1_2' title="bbox 294 562 1371 727">
     <span class='ocr_line' id='line_1_2' title="bbox 294 562 1371 641; baseline -0.002 -22"><span class='ocrx_word' id='word_1_4' title='bbox 294 566 486 638; x_wconf 74' lang='lat' dir='ltr'>nigricantibos</span> <span class='ocrx_word' id='word_1_5' title='bbox 505 576 531 619; x_wconf 86' lang='lat' dir='ltr'>et</span> <span class='ocrx_word' id='word_1_6' title='bbox 547 566 690 638; x_wconf 69' lang='lat' dir='ltr'>angulosis.</span> <span class='ocrx_word' id='word_1_7' title='bbox 708 568 832 622; x_wconf 85' lang='lat' dir='ltr'>Nascitur</span> <span class='ocrx_word' id='word_1_8' title='bbox 848 567 877 620; x_wconf 84' lang='lat' dir='ltr'>ia</span> <span class='ocrx_word' id='word_1_9' title='bbox 890 566 982 641; x_wconf 78' lang='lat' dir='ltr'>Syria,</span> <span class='ocrx_word' id='word_1_10' title='bbox 994 580 1022 620; x_wconf 87' lang='lat' dir='ltr'>ct</span> <span class='ocrx_word' id='word_1_11' title='bbox 1036 566 1098 619; x_wconf 88' lang='lat' dir='ltr'>solo</span> <span class='ocrx_word' id='word_1_12' title='bbox 1110 564 1205 638; x_wconf 76' lang='lat' dir='ltr'>pingui</span> <span class='ocrx_word' id='word_1_13' title='bbox 1216 562 1371 631; x_wconf 80' lang='lat' dir='ltr'>delectatur</span> 
     </span>
     <span class='ocr_line' id='line_1_3' title="bbox 295 654 510 727; baseline 0.005 -20"><span class='ocrx_word' id='word_1_14' title='bbox 295 654 365 708; x_wconf 84' lang='lat' dir='ltr'>circa</span> <span class='ocrx_word' id='word_1_15' title='bbox 387 656 510 727; x_wconf 76' lang='lat' dir='ltr'>Alepum.</span> 
     </span>
    </p>

    <p class='ocr_par' dir='ltr' id='par_1_3' title="bbox 294 740 1378 993">
     <span class='ocr_line' id='line_1_4' title="bbox 331 740 1376 798; baseline -0.004 -3"><span class='ocrx_word' id='word_1_16' title='bbox 331 742 503 797; x_wconf 82' lang='lat' dir='ltr'>Doctisaiutus</span> <span class='ocrx_word' id='word_1_17' title='bbox 521 742 727 797; x_wconf 82' lang='lat' dir='ltr'>Tonruelortins</span> <span class='ocrx_word' id='word_1_18' title='bbox 742 744 863 798; x_wconf 88' lang='lat' dir='ltr'>observat</span> <span class='ocrx_word' id='word_1_19' title='bbox 876 742 1063 797; x_wconf 71' lang='lat' dir='ltr'>Dioscoridem</span> <span class='ocrx_word' id='word_1_20' title='bbox 1081 742 1164 795; x_wconf 68' lang='lat' dir='ltr'>aliter</span> <span class='ocrx_word' id='word_1_21' title='bbox 1178 740 1376 796; x_wconf 69' lang='lat' dir='ltr'>scammoniam</span> 
     </span>
     <span class='ocr_line' id='line_1_5' title="bbox 294 828 1376 905; baseline -0.004 -22"><span class='ocrx_word' id='word_1_22' title='bbox 294 829 412 903; x_wconf 81' lang='lat' dir='ltr'>plautum</span> <span class='ocrx_word' id='word_1_23' title='bbox 427 828 584 885; x_wconf 83' lang='lat' dir='ltr'>describere.</span> <span class='ocrx_word' id='word_1_24' title='bbox 602 831 810 897; x_wconf 78' lang='lat' dir='ltr'>-Scammooia,</span> <span class='ocrx_word' id='word_1_25' title='bbox 826 832 929 905; x_wconf 81' lang='lat' dir='ltr'>iuquit,</span> <span class='ocrx_word' id='word_1_26' title='bbox 947 832 982 884; x_wconf 86' lang='lat' dir='ltr'>ah</span> <span class='ocrx_word' id='word_1_27' title='bbox 995 850 1050 885; x_wconf 87' lang='lat' dir='ltr'>una</span> <span class='ocrx_word' id='word_1_28' title='bbox 1064 829 1157 884; x_wconf 88' lang='lat' dir='ltr'>rsdice</span> <span class='ocrx_word' id='word_1_29' title='bbox 1170 848 1260 882; x_wconf 70' lang='lat' dir='ltr'>ramos</span> <span class='ocrx_word' id='word_1_30' title='bbox 1278 828 1376 881; x_wconf 85' lang='lat' dir='ltr'>emittit</span> 
     </span>
     <span class='ocr_line' id='line_1_6' title="bbox 295 916 1378 993; baseline -0.003 -22"><span class='ocrx_word' id='word_1_31' title='bbox 295 916 377 971; x_wconf 88' lang='lat' dir='ltr'>trium</span> <span class='ocrx_word' id='word_1_32' title='bbox 390 919 555 986; x_wconf 85' lang='lat' dir='ltr'>cubitorum,</span> <span class='ocrx_word' id='word_1_33' title='bbox 572 920 687 985; x_wconf 84' lang='lat' dir='ltr'>multos,</span> <span class='ocrx_word' id='word_1_34' title='bbox 703 922 828 992; x_wconf 75' lang='lat' dir='ltr'>pingues,</span> <span class='ocrx_word' id='word_1_35' title='bbox 841 934 868 973; x_wconf 90' lang='lat' dir='ltr'>et</span> <span class='ocrx_word' id='word_1_36' title='bbox 885 920 933 993; x_wconf 88' lang='lat' dir='ltr'>qui</span> <span class='ocrx_word' id='word_1_37' title='bbox 947 920 1073 973; x_wconf 85' lang='lat' dir='ltr'>nonnihil</span> <span class='ocrx_word' id='word_1_38' title='bbox 1082 917 1273 973; x_wconf 73' lang='lat' dir='ltr'>crassitudinis</span> <span class='ocrx_word' id='word_1_39' title='bbox 1282 936 1340 990; x_wconf 71' lang='lat' dir='ltr'>pn</span> <span class='ocrx_word' id='word_1_40' title='bbox 1350 934 1378 968; x_wconf 81' lang='lat' dir='ltr'>se</span> 
     </span>
    </p>
   </div>
   <div class='ocr_carea' id='block_1_3' title="bbox 211 1004 1378 1073">
    <p class='ocr_par' dir='ltr' id='par_1_4' title="bbox 211 1004 1378 1073">
     <span class='ocr_line' id='line_1_7' title="bbox 211 1004 1378 1073; baseline -0.002 -14"><span class='ocrx_word' id='word_1_41' title='bbox 211 1046 214 1051; x_wconf 38' lang='lat' dir='ltr'>t</span> <span class='ocrx_word' id='word_1_42' title='bbox 295 1007 400 1073; x_wconf 81' lang='lat' dir='ltr'>lerunt;</span> <span class='ocrx_word' id='word_1_43' title='bbox 416 1006 486 1061; x_wconf 84' lang='lat' dir='ltr'>loliis</span> <span class='ocrx_word' id='word_1_44' title='bbox 498 1007 616 1063; x_wconf 80' lang='lat' dir='ltr'>helxiun</span> <span class='ocrx_word' id='word_1_45' title='bbox 627 1022 673 1063; x_wconf 93' lang='lat' dir='ltr'>aut</span> <span class='ocrx_word' id='word_1_46' title='bbox 687 1008 854 1071; x_wconf 83' lang='lat' dir='ltr'>hederaceis,</span> <span class='ocrx_word' id='word_1_47' title='bbox 868 1010 1038 1063; x_wconf 87' lang='lat' dir='ltr'>mollioribus</span> <span class='ocrx_word' id='word_1_48' title='bbox 1045 1020 1153 1070; x_wconf 86' lang='lat' dir='ltr'>tamen,</span> <span class='ocrx_word' id='word_1_49' title='bbox 1166 1007 1281 1061; x_wconf 76' lang='lat' dir='ltr'>hirsutis</span> <span class='ocrx_word' id='word_1_50' title='bbox 1295 1018 1323 1058; x_wconf 92' lang='lat' dir='ltr'>et</span> <span class='ocrx_word' id='word_1_51' title='bbox 1334 1004 1378 1057; x_wconf 84' lang='lat' dir='ltr'>tri-</span> 
     </span>
    </p>
   </div>
   <div class='ocr_carea' id='block_1_4' title="bbox 295 1094 1379 2493">
    <p class='ocr_par' dir='ltr' id='par_1_5' title="bbox 295 1094 1379 2493">
     <span class='ocr_line' id='line_1_8' title="bbox 295 1094 1377 1167; baseline -0.002 -19"><span class='ocrx_word' id='word_1_52' title='bbox 295 1094 417 1167; x_wconf 76' lang='lat' dir='ltr'>uugulis3</span> <span class='ocrx_word' id='word_1_53' title='bbox 428 1094 495 1149; x_wconf 86' lang='lat' dir='ltr'>flore</span> <span class='ocrx_word' id='word_1_54' title='bbox 509 1094 638 1160; x_wconf 84' lang='lat' dir='ltr'>candido,</span> <span class='ocrx_word' id='word_1_55' title='bbox 656 1097 790 1161; x_wconf 79' lang='lat' dir='ltr'>rotundo,</span> <span class='ocrx_word' id='word_1_56' title='bbox 810 1097 840 1150; x_wconf 91' lang='lat' dir='ltr'>in</span> <span class='ocrx_word' id='word_1_57' title='bbox 852 1097 947 1152; x_wconf 88' lang='lat' dir='ltr'>calathi</span> <span class='ocrx_word' id='word_1_58' title='bbox 962 1095 1071 1150; x_wconf 85' lang='lat' dir='ltr'>modom</span> <span class='ocrx_word' id='word_1_59' title='bbox 1086 1114 1172 1159; x_wconf 78' lang='lat' dir='ltr'>caro,</span> <span class='ocrx_word' id='word_1_60' title='bbox 1186 1095 1377 1167; x_wconf 72' lang='lat' dir='ltr'>graveolente3</span> 
     </span>
     <span class='ocr_line' id='line_1_9' title="bbox 295 1182 1379 1257; baseline 0 -20"><span class='ocrx_word' id='word_1_61' title='bbox 295 1182 387 1239; x_wconf 84' lang='lat' dir='ltr'>radice</span> <span class='ocrx_word' id='word_1_62' title='bbox 398 1186 547 1257; x_wconf 72' lang='lat' dir='ltr'>prolonga,</span> <span class='ocrx_word' id='word_1_63' title='bbox 557 1186 733 1239; x_wconf 88' lang='lat' dir='ltr'>crassitudine</span> <span class='ocrx_word' id='word_1_64' title='bbox 741 1186 853 1240; x_wconf 85' lang='lat' dir='ltr'>cubitali</span> <span class='ocrx_word' id='word_1_65' title='bbox 864 1228 872 1252; x_wconf 87' lang='lat'>‚</span> <span class='ocrx_word' id='word_1_66' title='bbox 883 1184 1014 1251; x_wconf 84' lang='lat' dir='ltr'>candida,</span> <span class='ocrx_word' id='word_1_67' title='bbox 1027 1185 1102 1257; x_wconf 81' lang='lat' dir='ltr'>gravi</span> <span class='ocrx_word' id='word_1_68' title='bbox 1114 1184 1219 1250; x_wconf 73' lang='lat' dir='ltr'>odore,</span> <span class='ocrx_word' id='word_1_69' title='bbox 1228 1202 1314 1237; x_wconf 85' lang='lat' dir='ltr'>socco</span> <span class='ocrx_word' id='word_1_70' title='bbox 1320 1201 1379 1255; x_wconf 74' lang='lat' dir='ltr'>gn-</span> 
     </span>
     <span class='ocr_line' id='line_1_10' title="bbox 295 1272 1377 1346; baseline -0.002 -21"><span class='ocrx_word' id='word_1_71' title='bbox 295 1272 388 1327; x_wconf 81' lang='lat' dir='ltr'>vids.·</span> <span class='ocrx_word' id='word_1_72' title='bbox 409 1272 512 1327; x_wconf 64' lang='lat' dir='ltr'>laudat</span> <span class='ocrx_word' id='word_1_73' title='bbox 529 1272 600 1328; x_wconf 87' lang='lat' dir='ltr'>idem</span> <span class='ocrx_word' id='word_1_74' title='bbox 620 1274 788 1330; x_wconf 86' lang='lat' dir='ltr'>Dioscorides</span> <span class='ocrx_word' id='word_1_75' title='bbox 806 1274 998 1329; x_wconf 83' lang='lat' dir='ltr'>scammoniam</span> <span class='ocrx_word' id='word_1_76' title='bbox 1021 1293 1052 1327; x_wconf 84' lang='lat' dir='ltr'>es</span> <span class='ocrx_word' id='word_1_77' title='bbox 1066 1274 1156 1346; x_wconf 69' lang='lat' dir='ltr'>Mysis</span> <span class='ocrx_word' id='word_1_78' title='bbox 1180 1273 1251 1325; x_wconf 69' lang='lat' dir='ltr'>Asin</span> <span class='ocrx_word' id='word_1_79' title='bbox 1268 1272 1377 1343; x_wconf 68' lang='lat' dir='ltr'>regim</span> 
     </span>
     <span class='ocr_line' id='line_1_11' title="bbox 295 1356 1377 1433; baseline 0.001 -24"><span class='ocrx_word' id='word_1_80' title='bbox 295 1356 409 1411; x_wconf 85' lang='lat' dir='ltr'>delatam</span> <span class='ocrx_word' id='word_1_81' title='bbox 422 1377 429 1411; x_wconf 95' lang='lat'><strong>:</strong></span> <span class='ocrx_word' id='word_1_82' title='bbox 441 1358 574 1431; x_wconf 84' lang='lat' dir='ltr'>improbat</span> <span class='ocrx_word' id='word_1_83' title='bbox 587 1377 652 1413; x_wconf 85' lang='lat' dir='ltr'>vero</span> <span class='ocrx_word' id='word_1_84' title='bbox 663 1359 798 1433; x_wconf 79' lang='lat' dir='ltr'>Syriacam</span> <span class='ocrx_word' id='word_1_85' title='bbox 811 1370 838 1413; x_wconf 88' lang='lat' dir='ltr'>et</span> <span class='ocrx_word' id='word_1_86' title='bbox 851 1359 1004 1420; x_wconf 72' lang='lat' dir='ltr'>iudaicam,</span> <span class='ocrx_word' id='word_1_87' title='bbox 1016 1377 1077 1430; x_wconf 80' lang='lat' dir='ltr'>quat</span> <span class='ocrx_word' id='word_1_88' title='bbox 1091 1376 1145 1413; x_wconf 89' lang='lat' dir='ltr'>suo</span> <span class='ocrx_word' id='word_1_89' title='bbox 1156 1372 1284 1429; x_wconf 86' lang='lat' dir='ltr'>tempore</span> <span class='ocrx_word' id='word_1_90' title='bbox 1293 1356 1377 1428; x_wconf 65' lang='lat' dir='ltr'>gravis</span> 
     </span>
     <span class='ocr_line' id='line_1_12' title="bbox 296 1444 1376 1521; baseline -0.002 -24"><span class='ocrx_word' id='word_1_91' title='bbox 296 1458 368 1511; x_wconf 82' lang='lat' dir='ltr'>erat,</span> <span class='ocrx_word' id='word_1_92' title='bbox 382 1445 479 1513; x_wconf 85' lang='lat' dir='ltr'>densa,</span> <span class='ocrx_word' id='word_1_93' title='bbox 493 1447 546 1501; x_wconf 85' lang='lat' dir='ltr'>levi</span> <span class='ocrx_word' id='word_1_94' title='bbox 558 1448 644 1501; x_wconf 78' lang='lat' dir='ltr'>farina</span> <span class='ocrx_word' id='word_1_95' title='bbox 656 1460 681 1501; x_wconf 83' lang='lat' dir='ltr'>et</span> <span class='ocrx_word' id='word_1_96' title='bbox 690 1448 832 1521; x_wconf 71' lang='lat' dir='ltr'>tithymalo</span> <span class='ocrx_word' id='word_1_97' title='bbox 844 1446 999 1501; x_wconf 80' lang='lat' dir='ltr'>adulterata.</span> <span class='ocrx_word' id='word_1_98' title='bbox 1013 1448 1091 1499; x_wconf 73' lang='lat' dir='ltr'>lianc</span> <span class='ocrx_word' id='word_1_99' title='bbox 1103 1446 1268 1499; x_wconf 87' lang='lat' dir='ltr'>convolvuli</span> <span class='ocrx_word' id='word_1_100' title='bbox 1280 1444 1376 1497; x_wconf 73' lang='lat' dir='ltr'>hirsuti</span> 
     </span>
     <span class='ocr_line' id='line_1_13' title="bbox 295 1533 1377 1608; baseline -0.003 -21"><span class='ocrx_word' id='word_1_101' title='bbox 295 1534 409 1604; x_wconf 88' lang='lat' dir='ltr'>speciem</span> <span class='ocrx_word' id='word_1_102' title='bbox 433 1533 473 1587; x_wconf 87' lang='lat' dir='ltr'>cl.</span> <span class='ocrx_word' id='word_1_103' title='bbox 491 1534 695 1588; x_wconf 83' lang='lat' dir='ltr'>Tournelortiua</span> <span class='ocrx_word' id='word_1_104' title='bbox 715 1536 862 1589; x_wconf 69' lang='lat' dir='ltr'>observavit</span> <span class='ocrx_word' id='word_1_105' title='bbox 880 1536 907 1587; x_wconf 88' lang='lat' dir='ltr'>iu</span> <span class='ocrx_word' id='word_1_106' title='bbox 928 1535 1020 1608; x_wconf 73' lang='lat' dir='ltr'>Mysia</span> <span class='ocrx_word' id='word_1_107' title='bbox 1040 1534 1146 1607; x_wconf 74' lang='lat' dir='ltr'>campie</span> <span class='ocrx_word' id='word_1_108' title='bbox 1165 1534 1240 1585; x_wconf 86' lang='lat' dir='ltr'>inter</span> <span class='ocrx_word' id='word_1_109' title='bbox 1258 1544 1377 1585; x_wconf 81' lang='lat' dir='ltr'>montem</span> 
     </span>
     <span class='ocr_line' id='line_1_14' title="bbox 296 1614 1375 1699; baseline -0.005 -22"><span class='ocrx_word' id='word_1_110' title='bbox 296 1623 442 1696; x_wconf 82' lang='lat' dir='ltr'>Olympum</span> <span class='ocrx_word' id='word_1_111' title='bbox 459 1635 486 1676; x_wconf 89' lang='lat' dir='ltr'>et</span> <span class='ocrx_word' id='word_1_112' title='bbox 503 1623 701 1699; x_wconf 81' lang='lat' dir='ltr'>Sipylum‚sed</span> <span class='ocrx_word' id='word_1_113' title='bbox 720 1627 800 1678; x_wconf 87' lang='lat' dir='ltr'>etiam</span> <span class='ocrx_word' id='word_1_114' title='bbox 818 1625 887 1678; x_wconf 87' lang='lat' dir='ltr'>eirca</span> <span class='ocrx_word' id='word_1_115' title='bbox 898 1625 1039 1697; x_wconf 83' lang='lat' dir='ltr'>Smyrnam</span> <span class='ocrx_word' id='word_1_116' title='bbox 1057 1636 1085 1676; x_wconf 84' lang='lat' dir='ltr'>et</span> <span class='ocrx_word' id='word_1_117' title='bbox 1097 1614 1129 1675; x_wconf 91' lang='lat' dir='ltr'>in</span> <span class='ocrx_word' id='word_1_118' title='bbox 1141 1622 1244 1676; x_wconf 86' lang='lat' dir='ltr'>insulis</span> <span class='ocrx_word' id='word_1_119' title='bbox 1255 1622 1375 1674; x_wconf 57' lang='lat' dir='ltr'>laton</span> 
     </span>
     <span class='ocr_line' id='line_1_15' title="bbox 295 1710 1375 1783; baseline -0.006 -18"><span class='ocrx_word' id='word_1_120' title='bbox 295 1711 385 1774; x_wconf 82' lang='lat' dir='ltr'>Samo,</span> <span class='ocrx_word' id='word_1_121' title='bbox 405 1712 451 1765; x_wconf 83' lang='lat' dir='ltr'>athi</span> <span class='ocrx_word' id='word_1_122' title='bbox 469 1711 596 1766; x_wconf 87' lang='lat' dir='ltr'>hodierna</span> <span class='ocrx_word' id='word_1_123' title='bbox 617 1712 661 1767; x_wconf 87' lang='lat' dir='ltr'>die</span> <span class='ocrx_word' id='word_1_124' title='bbox 678 1730 774 1767; x_wconf 83' lang='lat' dir='ltr'>saccus</span> <span class='ocrx_word' id='word_1_125' title='bbox 792 1726 933 1767; x_wconf 79' lang='lat' dir='ltr'>concretus</span> <span class='ocrx_word' id='word_1_126' title='bbox 954 1711 1031 1764; x_wconf 86' lang='lat' dir='ltr'>etiarn</span> <span class='ocrx_word' id='word_1_127' title='bbox 1051 1710 1194 1783; x_wconf 69' lang='lat' dir='ltr'>colligitur</span> <span class='ocrx_word' id='word_1_128' title='bbox 1208 1710 1375 1764; x_wconf 88' lang='lat' dir='ltr'>scammonic</span> 
     </span>
     <span class='ocr_line' id='line_1_16' title="bbox 295 1797 1372 1875; baseline -0.004 -22"><span class='ocrx_word' id='word_1_129' title='bbox 295 1800 407 1873; x_wconf 79' lang='lat' dir='ltr'>Syriaco</span> <span class='ocrx_word' id='word_1_130' title='bbox 417 1801 496 1873; x_wconf 75' lang='lat' dir='ltr'>longe</span> <span class='ocrx_word' id='word_1_131' title='bbox 507 1800 627 1855; x_wconf 77' lang='lat' dir='ltr'>inferior.</span> <span class='ocrx_word' id='word_1_132' title='bbox 648 1803 745 1875; x_wconf 86' lang='lat' dir='ltr'>ltaque</span> <span class='ocrx_word' id='word_1_133' title='bbox 757 1801 797 1855; x_wconf 75' lang='lat' dir='ltr'>CL</span> <span class='ocrx_word' id='word_1_134' title='bbox 812 1802 986 1854; x_wconf 83' lang='lat' dir='ltr'>Touruefort.</span> <span class='ocrx_word' id='word_1_135' title='bbox 1000 1818 1050 1853; x_wconf 85' lang='lat' dir='ltr'>noa</span> <span class='ocrx_word' id='word_1_136' title='bbox 1062 1799 1199 1853; x_wconf 73' lang='lat' dir='ltr'>inducere</span> <span class='ocrx_word' id='word_1_137' title='bbox 1215 1797 1332 1863; x_wconf 81' lang='lat' dir='ltr'>videtur,</span> <span class='ocrx_word' id='word_1_138' title='bbox 1343 1809 1372 1849; x_wconf 88' lang='lat' dir='ltr'>ut</span> 
     </span>
     <span class='ocr_line' id='line_1_17' title="bbox 296 1886 1373 1961; baseline -0.004 -19"><span class='ocrx_word' id='word_1_139' title='bbox 296 1888 437 1943; x_wconf 80' lang='lat' dir='ltr'>credamus</span> <span class='ocrx_word' id='word_1_140' title='bbox 449 1888 646 1943; x_wconf 80' lang='lat' dir='ltr'>scammouiurn</span> <span class='ocrx_word' id='word_1_141' title='bbox 659 1890 716 1944; x_wconf 78' lang='lat' dir='ltr'>Olt‘.</span> <span class='ocrx_word' id='word_1_142' title='bbox 732 1908 765 1943; x_wconf 82' lang='lat' dir='ltr'>ex</span> <span class='ocrx_word' id='word_1_143' title='bbox 774 1890 889 1961; x_wconf 84' lang='lat' dir='ltr'>plantis,</span> <span class='ocrx_word' id='word_1_144' title='bbox 902 1889 924 1943; x_wconf 87' lang='lat' dir='ltr'>si</span> <span class='ocrx_word' id='word_1_145' title='bbox 938 1907 994 1941; x_wconf 89' lang='lat' dir='ltr'>nou</span> <span class='ocrx_word' id='word_1_146' title='bbox 1007 1888 1108 1943; x_wconf 87' lang='lat' dir='ltr'>diversi</span> <span class='ocrx_word' id='word_1_147' title='bbox 1122 1888 1252 1959; x_wconf 78' lang='lat' dir='ltr'>generis,</span> <span class='ocrx_word' id='word_1_148' title='bbox 1266 1886 1373 1940; x_wconf 67' lang='lat' dir='ltr'>dium</span> 
     </span>
     <span class='ocr_line' id='line_1_18' title="bbox 297 1976 1372 2051; baseline -0.004 -20"><span class='ocrx_word' id='word_1_149' title='bbox 297 1978 388 2031; x_wconf 84' lang='lat' dir='ltr'>saltem</span> <span class='ocrx_word' id='word_1_150' title='bbox 401 1978 497 2049; x_wconf 80' lang='lat' dir='ltr'>speciei</span> <span class='ocrx_word' id='word_1_151' title='bbox 512 1978 658 2031; x_wconf 85' lang='lat' dir='ltr'>oriundum</span> <span class='ocrx_word' id='word_1_152' title='bbox 673 1996 729 2033; x_wconf 86' lang='lat' dir='ltr'>esse</span> <span class='ocrx_word' id='word_1_153' title='bbox 738 2018 746 2040; x_wconf 86' lang='lat'>‚</span> <span class='ocrx_word' id='word_1_154' title='bbox 756 1978 897 2051; x_wconf 80' lang='lat' dir='ltr'>Syriacum</span> <span class='ocrx_word' id='word_1_155' title='bbox 910 1996 1007 2049; x_wconf 81' lang='lat' dir='ltr'>nempe</span> <span class='ocrx_word' id='word_1_156' title='bbox 1020 1996 1066 2030; x_wconf 91' lang='lat' dir='ltr'>seu</span> <span class='ocrx_word' id='word_1_157' title='bbox 1083 1976 1233 2047; x_wconf 74' lang='lat' dir='ltr'>Alepeuae,</span> <span class='ocrx_word' id='word_1_158' title='bbox 1247 1995 1282 2030; x_wconf 83' lang='lat' dir='ltr'>ex</span> <span class='ocrx_word' id='word_1_159' title='bbox 1294 1992 1372 2029; x_wconf 80' lang='lat' dir='ltr'>scam·</span> 
     </span>
     <span class='ocr_line' id='line_1_19' title="bbox 298 2063 1372 2140; baseline -0.003 -21"><span class='ocrx_word' id='word_1_160' title='bbox 298 2066 385 2119; x_wconf 87' lang='lat' dir='ltr'>monis</span> <span class='ocrx_word' id='word_1_161' title='bbox 403 2066 467 2119; x_wconf 83' lang='lat' dir='ltr'>solio</span> <span class='ocrx_word' id='word_1_162' title='bbox 485 2066 592 2139; x_wconf 72' lang='lat' dir='ltr'>glahr03</span> <span class='ocrx_word' id='word_1_163' title='bbox 606 2066 776 2140; x_wconf 67' lang='lat' dir='ltr'>Smyrnaeum</span> <span class='ocrx_word' id='word_1_164' title='bbox 791 2078 817 2120; x_wconf 87' lang='lat' dir='ltr'>et</span> <span class='ocrx_word' id='word_1_165' title='bbox 832 2066 1056 2130; x_wconf 82' lang='lat' dir='ltr'>Dioscoridenm,</span> <span class='ocrx_word' id='word_1_166' title='bbox 1069 2085 1102 2118; x_wconf 85' lang='lat' dir='ltr'>er</span> <span class='ocrx_word' id='word_1_167' title='bbox 1123 2066 1296 2119; x_wconf 74' lang='lat' dir='ltr'>scammonia</span> <span class='ocrx_word' id='word_1_168' title='bbox 1312 2063 1372 2117; x_wconf 86' lang='lat' dir='ltr'>lolio</span> 
     </span>
     <span class='ocr_line' id='line_1_20' title="bbox 297 2152 1372 2227; baseline -0.005 -20"><span class='ocrx_word' id='word_1_169' title='bbox 297 2152 399 2208; x_wconf 80' lang='lat' dir='ltr'>hirsuto</span> <span class='ocrx_word' id='word_1_170' title='bbox 415 2174 422 2205; x_wconf 85' lang='grc' dir='ltr'><strong>ι</strong></span> <span class='ocrx_word' id='word_1_171' title='bbox 437 2154 510 2227; x_wconf 88' lang='lat' dir='ltr'>qnod</span> <span class='ocrx_word' id='word_1_172' title='bbox 521 2166 609 2209; x_wconf 85' lang='lat' dir='ltr'>tamen</span> <span class='ocrx_word' id='word_1_173' title='bbox 625 2173 679 2209; x_wconf 90' lang='lat' dir='ltr'>uon</span> <span class='ocrx_word' id='word_1_174' title='bbox 691 2154 815 2209; x_wconf 82' lang='lat' dir='ltr'>affirmat.</span> <span class='ocrx_word' id='word_1_175' title='bbox 828 2156 919 2221; x_wconf 87' lang='lat' dir='ltr'>Quum</span> <span class='ocrx_word' id='word_1_176' title='bbox 934 2167 1020 2208; x_wconf 85' lang='lat' dir='ltr'>tamen</span> <span class='ocrx_word' id='word_1_177' title='bbox 1035 2154 1089 2207; x_wconf 90' lang='lat' dir='ltr'>hac</span> <span class='ocrx_word' id='word_1_178' title='bbox 1102 2152 1139 2207; x_wconf 86' lang='lat' dir='ltr'>‹le</span> <span class='ocrx_word' id='word_1_179' title='bbox 1152 2174 1183 2207; x_wconf 87' lang='lat' dir='ltr'>re</span> <span class='ocrx_word' id='word_1_180' title='bbox 1197 2153 1372 2208; x_wconf 66' lang='lat' dir='ltr'>clarissimum</span> 
     </span>
     <span class='ocr_line' id='line_1_21' title="bbox 298 2242 1372 2316; baseline -0.004 -21"><span class='ocrx_word' id='word_1_181' title='bbox 298 2244 332 2297; x_wconf 88' lang='lat' dir='ltr'>D.</span> <span class='ocrx_word' id='word_1_182' title='bbox 348 2242 473 2299; x_wconf 86' lang='lat' dir='ltr'>Sherard.</span> <span class='ocrx_word' id='word_1_183' title='bbox 486 2256 668 2314; x_wconf 75' lang='lat' dir='ltr'>percontarer,</span> <span class='ocrx_word' id='word_1_184' title='bbox 680 2243 771 2297; x_wconf 85' lang='lat' dir='ltr'>retulit</span> <span class='ocrx_word' id='word_1_185' title='bbox 787 2262 816 2296; x_wconf 88' lang='lat' dir='ltr'>se</span> <span class='ocrx_word' id='word_1_186' title='bbox 834 2244 921 2316; x_wconf 82' lang='lat' dir='ltr'>ipsum</span> <span class='ocrx_word' id='word_1_187' title='bbox 935 2260 1044 2316; x_wconf 86' lang='lat' dir='ltr'>quoque</span> <span class='ocrx_word' id='word_1_188' title='bbox 1059 2243 1129 2296; x_wconf 83' lang='lat' dir='ltr'>circa</span> <span class='ocrx_word' id='word_1_189' title='bbox 1142 2242 1292 2315; x_wconf 82' lang='lat' dir='ltr'>Smyrnam</span> <span class='ocrx_word' id='word_1_190' title='bbox 1306 2256 1372 2293; x_wconf 78' lang='lat' dir='ltr'>nass-</span> 
     </span>
     <span class='ocr_line' id='line_1_22' title="bbox 298 2329 1371 2393; baseline -0.005 -9"><span class='ocrx_word' id='word_1_191' title='bbox 298 2329 359 2384; x_wconf 89' lang='lat' dir='ltr'>deut</span> <span class='ocrx_word' id='word_1_192' title='bbox 373 2330 562 2385; x_wconf 79' lang='lat' dir='ltr'>convolvolum</span> <span class='ocrx_word' id='word_1_193' title='bbox 576 2331 707 2385; x_wconf 79' lang='lat' dir='ltr'>hirsutum</span> <span class='ocrx_word' id='word_1_194' title='bbox 717 2331 898 2385; x_wconf 78' lang='lat' dir='ltr'>obscuravisse</span> <span class='ocrx_word' id='word_1_195' title='bbox 909 2369 916 2393; x_wconf 86' lang='lat'><strong>‚</strong></span> <span class='ocrx_word' id='word_1_196' title='bbox 927 2330 973 2384; x_wconf 87' lang='lat' dir='ltr'>sed</span> <span class='ocrx_word' id='word_1_197' title='bbox 982 2330 1086 2383; x_wconf 85' lang='lat' dir='ltr'>nullum</span> <span class='ocrx_word' id='word_1_198' title='bbox 1100 2350 1135 2383; x_wconf 82' lang='lat' dir='ltr'>ex</span> <span class='ocrx_word' id='word_1_199' title='bbox 1149 2332 1198 2383; x_wconf 85' lang='lat' dir='ltr'>illo</span> <span class='ocrx_word' id='word_1_200' title='bbox 1211 2348 1324 2384; x_wconf 79' lang='lat' dir='ltr'>auctum</span> <span class='ocrx_word' id='word_1_201' title='bbox 1332 2345 1371 2379; x_wconf 82' lang='lat' dir='ltr'>es·</span> 
     </span>
     <span class='ocr_line' id='line_1_23' title="bbox 298 2416 1369 2493; baseline -0.004 -22"><span class='ocrx_word' id='word_1_202' title='bbox 298 2417 383 2481; x_wconf 87' lang='lat' dir='ltr'>trahi;</span> <span class='ocrx_word' id='word_1_203' title='bbox 401 2430 471 2472; x_wconf 88' lang='lat' dir='ltr'>tanta</span> <span class='ocrx_word' id='word_1_204' title='bbox 490 2422 567 2493; x_wconf 84' lang='lat' dir='ltr'>copia</span> <span class='ocrx_word' id='word_1_205' title='bbox 580 2420 770 2473; x_wconf 84' lang='lat' dir='ltr'>scammoniam</span> <span class='ocrx_word' id='word_1_206' title='bbox 786 2419 923 2491; x_wconf 77' lang='lat' dir='ltr'>Syriacam</span> <span class='ocrx_word' id='word_1_207' title='bbox 938 2420 980 2471; x_wconf 92' lang='lat' dir='ltr'>vel</span> <span class='ocrx_word' id='word_1_208' title='bbox 993 2418 1190 2472; x_wconf 80' lang='lat' dir='ltr'>convolvolum</span> <span class='ocrx_word' id='word_1_209' title='bbox 1202 2416 1369 2491; x_wconf 71' lang='lat' dir='ltr'>glalrumihi</span> 
     </span>
    </p>
   </div>
   <div class='ocr_carea' id='block_1_5' title="bbox 198 2507 1368 2580">
    <p class='ocr_par' dir='ltr' id='par_1_6' title="bbox 198 2507 1368 2580">
     <span class='ocr_line' id='line_1_24' title="bbox 198 2507 1368 2580; baseline 0.004 -22"><span class='ocrx_word' id='word_1_210' title='bbox 198 2567 203 2575; x_wconf 42' lang='lat'>‚</span> <span class='ocrx_word' id='word_1_211' title='bbox 298 2507 398 2580; x_wconf 85' lang='lat' dir='ltr'>ubique</span> <span class='ocrx_word' id='word_1_212' title='bbox 411 2508 499 2572; x_wconf 84' lang='lat' dir='ltr'>nasci,</span> <span class='ocrx_word' id='word_1_213' title='bbox 520 2522 548 2561; x_wconf 91' lang='lat' dir='ltr'>ut</span> <span class='ocrx_word' id='word_1_214' title='bbox 566 2510 642 2561; x_wconf 89' lang='lat' dir='ltr'>aolus</span> <span class='ocrx_word' id='word_1_215' title='bbox 661 2508 778 2562; x_wconf 81' lang='lat' dir='ltr'>sufficiat</span> <span class='ocrx_word' id='word_1_216' title='bbox 791 2508 827 2561; x_wconf 91' lang='lat' dir='ltr'>ad</span> <span class='ocrx_word' id='word_1_217' title='bbox 842 2508 1052 2570; x_wconf 75' lang='lat' dir='ltr'>communium,</span> <span class='ocrx_word' id='word_1_218' title='bbox 1065 2527 1122 2579; x_wconf 87' lang='lat' dir='ltr'>quo</span> <span class='ocrx_word' id='word_1_219' title='bbox 1135 2520 1262 2570; x_wconf 84' lang='lat' dir='ltr'>utuntur,</span> <span class='ocrx_word' id='word_1_220' title='bbox 1276 2523 1368 2580; x_wconf 69' lang='lat' dir='ltr'>prept·</span> 
     </span>
    </p>
   </div>
   <div class='ocr_carea' id='block_1_6' title="bbox 233 2594 1367 4171">
    <p class='ocr_par' dir='ltr' id='par_1_7' title="bbox 233 2594 1367 3378">
     <span class='ocr_line' id='line_1_25' title="bbox 233 2594 1367 2669; baseline -0.003 -21"><span class='ocrx_word' id='word_1_221' title='bbox 233 2614 235 2619; x_wconf 73' lang='grc'>’</span> <span class='ocrx_word' id='word_1_222' title='bbox 297 2595 412 2649; x_wconf 85' lang='lat' dir='ltr'>randum</span> <span class='ocrx_word' id='word_1_223' title='bbox 421 2618 428 2659; x_wconf 87' lang='lat'>;</span> <span class='ocrx_word' id='word_1_224' title='bbox 441 2614 490 2651; x_wconf 87' lang='lat' dir='ltr'>nec</span> <span class='ocrx_word' id='word_1_225' title='bbox 505 2596 538 2649; x_wconf 85' lang='lat' dir='ltr'>ad</span> <span class='ocrx_word' id='word_1_226' title='bbox 552 2596 627 2649; x_wconf 87' lang='lat' dir='ltr'>huuc</span> <span class='ocrx_word' id='word_1_227' title='bbox 634 2615 745 2651; x_wconf 89' lang='lat' dir='ltr'>succum</span> <span class='ocrx_word' id='word_1_228' title='bbox 756 2596 951 2652; x_wconf 83' lang='lat' dir='ltr'>extrahendum</span> <span class='ocrx_word' id='word_1_229' title='bbox 960 2597 1156 2651; x_wconf 68' lang='lat' dir='ltr'>scammoniam</span> <span class='ocrx_word' id='word_1_230' title='bbox 1163 2614 1335 2669; x_wconf 82' lang='lat' dir='ltr'>quocumque</span> <span class='ocrx_word' id='word_1_231' title='bbox 1344 2594 1367 2645; x_wconf 87' lang='lat' dir='ltr'>in</span> 
     </span>
     <span class='ocr_line' id='line_1_26' title="bbox 299 2684 1367 2758; baseline -0.001 -21"><span class='ocrx_word' id='word_1_232' title='bbox 299 2684 360 2737; x_wconf 86' lang='lat' dir='ltr'>loco</span> <span class='ocrx_word' id='word_1_233' title='bbox 367 2697 460 2737; x_wconf 85' lang='lat' dir='ltr'>nutam</span> <span class='ocrx_word' id='word_1_234' title='bbox 473 2684 547 2755; x_wconf 69' lang='lat' dir='ltr'>seligi</span> <span class='ocrx_word' id='word_1_235' title='bbox 558 2723 566 2753; x_wconf 87' lang='lat'>‚</span> <span class='ocrx_word' id='word_1_236' title='bbox 578 2684 624 2739; x_wconf 87' lang='lat' dir='ltr'>sed</span> <span class='ocrx_word' id='word_1_237' title='bbox 639 2704 698 2739; x_wconf 88' lang='lat' dir='ltr'>eam</span> <span class='ocrx_word' id='word_1_238' title='bbox 712 2688 848 2758; x_wconf 70' lang='lat' dir='ltr'>precipue</span> <span class='ocrx_word' id='word_1_239' title='bbox 860 2704 923 2757; x_wconf 68' lang='lat' dir='ltr'>qua</span> <span class='ocrx_word' id='word_1_240' title='bbox 932 2686 960 2739; x_wconf 88' lang='lat' dir='ltr'>in</span> <span class='ocrx_word' id='word_1_241' title='bbox 971 2684 1068 2739; x_wconf 77' lang='lat' dir='ltr'>declivi</span> <span class='ocrx_word' id='word_1_242' title='bbox 1079 2686 1182 2739; x_wconf 82' lang='lat' dir='ltr'>montis</span> <span class='ocrx_word' id='word_1_243' title='bbox 1195 2685 1367 2756; x_wconf 72' lang='lat' dir='ltr'>ruhSmyruae</span> 
     </span>
     <span class='ocr_line' id='line_1_27' title="bbox 298 2772 1364 2846; baseline -0.004 -19"><span class='ocrx_word' id='word_1_244' title='bbox 298 2772 407 2827; x_wconf 86' lang='lat' dir='ltr'>castello</span> <span class='ocrx_word' id='word_1_245' title='bbox 416 2774 525 2837; x_wconf 83' lang='lat' dir='ltr'>crescit,</span> <span class='ocrx_word' id='word_1_246' title='bbox 539 2774 626 2845; x_wconf 77' lang='lat' dir='ltr'>expeti</span> <span class='ocrx_word' id='word_1_247' title='bbox 634 2814 641 2837; x_wconf 89' lang='lat'>‚</span> <span class='ocrx_word' id='word_1_248' title='bbox 655 2774 700 2827; x_wconf 91' lang='lat' dir='ltr'>ubi</span> <span class='ocrx_word' id='word_1_249' title='bbox 714 2773 904 2846; x_wconf 69' lang='lat' dir='ltr'>aliquantisper</span> <span class='ocrx_word' id='word_1_250' title='bbox 915 2786 1016 2827; x_wconf 85' lang='lat' dir='ltr'>remota</span> <span class='ocrx_word' id='word_1_251' title='bbox 1030 2787 1099 2827; x_wconf 88' lang='lat' dir='ltr'>terra</span> <span class='ocrx_word' id='word_1_252' title='bbox 1111 2773 1234 2828; x_wconf 83' lang='lat' dir='ltr'>radicem</span> <span class='ocrx_word' id='word_1_253' title='bbox 1244 2774 1364 2827; x_wconf 81' lang='lat' dir='ltr'>detectam</span> 
     </span>
     <span class='ocr_line' id='line_1_28' title="bbox 299 2860 1365 2936; baseline 0 -23"><span class='ocrx_word' id='word_1_254' title='bbox 299 2860 439 2927; x_wconf 85' lang='lat' dir='ltr'>incidunt,</span> <span class='ocrx_word' id='word_1_255' title='bbox 461 2873 487 2915; x_wconf 92' lang='lat' dir='ltr'>et</span> <span class='ocrx_word' id='word_1_256' title='bbox 504 2862 610 2915; x_wconf 79' lang='lat' dir='ltr'>vulneri</span> <span class='ocrx_word' id='word_1_257' title='bbox 631 2864 787 2936; x_wconf 84' lang='lat' dir='ltr'>mytilorum</span> <span class='ocrx_word' id='word_1_258' title='bbox 805 2862 923 2917; x_wconf 82' lang='lat' dir='ltr'>conchas</span> <span class='ocrx_word' id='word_1_259' title='bbox 938 2876 1094 2934; x_wconf 84' lang='lat' dir='ltr'>apponunt,</span> <span class='ocrx_word' id='word_1_260' title='bbox 1108 2863 1211 2935; x_wconf 79' lang='lat' dir='ltr'>quihus</span> <span class='ocrx_word' id='word_1_261' title='bbox 1228 2880 1322 2917; x_wconf 78' lang='lat' dir='ltr'>succus</span> <span class='ocrx_word' id='word_1_262' title='bbox 1332 2860 1365 2910; x_wconf 79' lang='lat' dir='ltr'>la·</span> 
     </span>
     <span class='ocr_line' id='line_1_29' title="bbox 298 2946 1363 3025; baseline -0.002 -22"><span class='ocrx_word' id='word_1_263' title='bbox 298 2960 373 3004; x_wconf 88' lang='lat' dir='ltr'>cteus</span> <span class='ocrx_word' id='word_1_264' title='bbox 389 2951 529 3025; x_wconf 78' lang='lat' dir='ltr'>excipitur,</span> <span class='ocrx_word' id='word_1_265' title='bbox 544 2963 569 3005; x_wconf 84' lang='lat' dir='ltr'>et</span> <span class='ocrx_word' id='word_1_266' title='bbox 579 2952 727 3006; x_wconf 83' lang='lat' dir='ltr'>exaiccatua</span> <span class='ocrx_word' id='word_1_267' title='bbox 737 2964 895 3006; x_wconf 82' lang='lat' dir='ltr'>asservatur.</span> <span class='ocrx_word' id='word_1_268' title='bbox 905 2952 964 3005; x_wconf 86' lang='lat' dir='ltr'>Hoc</span> <span class='ocrx_word' id='word_1_269' title='bbox 973 2954 1168 3005; x_wconf 78' lang='lat' dir='ltr'>scammoniam</span> <span class='ocrx_word' id='word_1_270' title='bbox 1180 2954 1210 3005; x_wconf 88' lang='lat' dir='ltr'>in</span> <span class='ocrx_word' id='word_1_271' title='bbox 1221 2946 1363 3006; x_wconf 74' lang='lat' dir='ltr'>couehissd</span> 
     </span>
     <span class='ocr_line' id='line_1_30' title="bbox 299 3040 1364 3103; baseline -0.003 -11"><span class='ocrx_word' id='word_1_272' title='bbox 299 3040 448 3094; x_wconf 87' lang='lat' dir='ltr'>incolarum</span> <span class='ocrx_word' id='word_1_273' title='bbox 463 3058 540 3094; x_wconf 86' lang='lat' dir='ltr'>usum</span> <span class='ocrx_word' id='word_1_274' title='bbox 555 3052 716 3103; x_wconf 75' lang='lat' dir='ltr'>reservatur,</span> <span class='ocrx_word' id='word_1_275' title='bbox 733 3042 867 3094; x_wconf 83' lang='lat' dir='ltr'>rarissime</span> <span class='ocrx_word' id='word_1_276' title='bbox 880 3040 914 3094; x_wconf 91' lang='lat' dir='ltr'>ad</span> <span class='ocrx_word' id='word_1_277' title='bbox 927 3052 1032 3095; x_wconf 84' lang='lat' dir='ltr'>exteros</span> <span class='ocrx_word' id='word_1_278' title='bbox 1046 3042 1177 3094; x_wconf 83' lang='lat' dir='ltr'>mittitur.</span> <span class='ocrx_word' id='word_1_279' title='bbox 1187 3042 1277 3094; x_wconf 83' lang='lat' dir='ltr'>Omne</span> <span class='ocrx_word' id='word_1_280' title='bbox 1290 3058 1364 3092; x_wconf 69' lang='lat' dir='ltr'>sesne</span> 
     </span>
     <span class='ocr_line' id='line_1_31' title="bbox 298 3126 1361 3201; baseline -0.003 -20"><span class='ocrx_word' id='word_1_281' title='bbox 298 3127 417 3181; x_wconf 83' lang='lat' dir='ltr'>monium</span> <span class='ocrx_word' id='word_1_282' title='bbox 431 3126 504 3198; x_wconf 86' lang='lat' dir='ltr'>quod</span> <span class='ocrx_word' id='word_1_283' title='bbox 516 3146 565 3199; x_wconf 84' lang='lat' dir='ltr'>per</span> <span class='ocrx_word' id='word_1_284' title='bbox 577 3129 716 3201; x_wconf 80' lang='lat' dir='ltr'>Smyrnam</span> <span class='ocrx_word' id='word_1_285' title='bbox 733 3129 766 3182; x_wconf 87' lang='lat' dir='ltr'>sd</span> <span class='ocrx_word' id='word_1_286' title='bbox 779 3147 829 3181; x_wconf 90' lang='lat' dir='ltr'>nos</span> <span class='ocrx_word' id='word_1_287' title='bbox 841 3128 927 3195; x_wconf 81' lang='lat' dir='ltr'>venit,</span> <span class='ocrx_word' id='word_1_288' title='bbox 939 3146 971 3181; x_wconf 85' lang='lat' dir='ltr'>ex</span> <span class='ocrx_word' id='word_1_289' title='bbox 987 3128 1099 3180; x_wconf 87' lang='lat' dir='ltr'>Conteio</span> <span class='ocrx_word' id='word_1_290' title='bbox 1117 3141 1144 3181; x_wconf 89' lang='lat' dir='ltr'>et</span> <span class='ocrx_word' id='word_1_291' title='bbox 1157 3130 1264 3196; x_wconf 81' lang='lat' dir='ltr'>leonio,</span> <span class='ocrx_word' id='word_1_292' title='bbox 1276 3142 1304 3181; x_wconf 90' lang='lat' dir='ltr'>ut</span> <span class='ocrx_word' id='word_1_293' title='bbox 1316 3128 1361 3197; x_wconf 81' lang='lat' dir='ltr'>jan</span> 
     </span>
     <span class='ocr_line' id='line_1_32' title="bbox 298 3214 1363 3287; baseline -0.004 -18"><span class='ocrx_word' id='word_1_294' title='bbox 298 3214 351 3269; x_wconf 85' lang='lat' dir='ltr'>disi</span> <span class='ocrx_word' id='word_1_295' title='bbox 360 3255 368 3279; x_wconf 90' lang='lat'>,</span> <span class='ocrx_word' id='word_1_296' title='bbox 376 3216 501 3278; x_wconf 79' lang='lat' dir='ltr'>allertut3</span> <span class='ocrx_word' id='word_1_297' title='bbox 513 3226 593 3287; x_wconf 88' lang='lat' dir='ltr'>atque</span> <span class='ocrx_word' id='word_1_298' title='bbox 608 3228 766 3269; x_wconf 74' lang='lat' dir='ltr'>mercatores</span> <span class='ocrx_word' id='word_1_299' title='bbox 778 3216 819 3268; x_wconf 87' lang='lat' dir='ltr'>his</span> <span class='ocrx_word' id='word_1_300' title='bbox 830 3215 859 3266; x_wconf 91' lang='lat' dir='ltr'>in</span> <span class='ocrx_word' id='word_1_301' title='bbox 872 3215 940 3267; x_wconf 84' lang='lat' dir='ltr'>loeis</span> <span class='ocrx_word' id='word_1_302' title='bbox 951 3232 983 3267; x_wconf 87' lang='lat' dir='ltr'>ex</span> <span class='ocrx_word' id='word_1_303' title='bbox 996 3214 1091 3267; x_wconf 86' lang='lat' dir='ltr'>eodem</span> <span class='ocrx_word' id='word_1_304' title='bbox 1103 3216 1269 3269; x_wconf 90' lang='lat' dir='ltr'>convolvulo</span> <span class='ocrx_word' id='word_1_305' title='bbox 1278 3214 1363 3287; x_wconf 76' lang='lat' dir='ltr'>glabro</span> 
     </span>
     <span class='ocr_line' id='line_1_33' title="bbox 301 3304 1000 3378; baseline -0.004 -20"><span class='ocrx_word' id='word_1_306' title='bbox 301 3304 389 3375; x_wconf 77' lang='lat' dir='ltr'>colligi</span> <span class='ocrx_word' id='word_1_307' title='bbox 400 3316 529 3357; x_wconf 78' lang='lat' dir='ltr'>arserunt.</span> <span class='ocrx_word' id='word_1_308' title='bbox 618 3330 621 3337; x_wconf 23' lang='grc' dir='ltr'><strong>Α</strong></span> <span class='ocrx_word' id='word_1_309' title='bbox 987 3356 1000 3378; x_wconf 38' lang='lat' dir='ltr'><em>t</em></span> 
     </span>
    </p>

    <p class='ocr_par' dir='ltr' id='par_1_8' title="bbox 298 3388 1362 4171">
     <span class='ocr_line' id='line_1_34' title="bbox 334 3388 1362 3465; baseline -0.003 -23"><span class='ocrx_word' id='word_1_310' title='bbox 334 3391 450 3443; x_wconf 75' lang='lat' dir='ltr'>Diversa</span> <span class='ocrx_word' id='word_1_311' title='bbox 466 3402 529 3443; x_wconf 85' lang='lat' dir='ltr'>sunt</span> <span class='ocrx_word' id='word_1_312' title='bbox 546 3388 618 3445; x_wconf 81' lang='lat' dir='ltr'>illins</span> <span class='ocrx_word' id='word_1_313' title='bbox 633 3392 704 3444; x_wconf 88' lang='lat' dir='ltr'>succi</span> <span class='ocrx_word' id='word_1_314' title='bbox 720 3389 828 3465; x_wconf 77' lang='lat' dir='ltr'>legendi</span> <span class='ocrx_word' id='word_1_315' title='bbox 836 3391 954 3445; x_wconf 84' lang='lat' dir='ltr'>rationes</span> <span class='ocrx_word' id='word_1_316' title='bbox 965 3390 1088 3445; x_wconf 75' lang='lat' dir='ltr'>aGrarcia</span> <span class='ocrx_word' id='word_1_317' title='bbox 1101 3404 1129 3444; x_wconf 86' lang='lat' dir='ltr'>et</span> <span class='ocrx_word' id='word_1_318' title='bbox 1141 3391 1177 3444; x_wconf 85' lang='lat' dir='ltr'>ah</span> <span class='ocrx_word' id='word_1_319' title='bbox 1191 3392 1317 3445; x_wconf 77' lang='lat' dir='ltr'>Arahilsua</span> <span class='ocrx_word' id='word_1_320' title='bbox 1327 3406 1362 3439; x_wconf 73' lang='lat' dir='ltr'>re</span> 
     </span>
     <span class='ocr_line' id='line_1_35' title="bbox 299 3478 1361 3552; baseline -0.005 -20"><span class='ocrx_word' id='word_1_321' title='bbox 299 3478 413 3533; x_wconf 68' lang='lat' dir='ltr'>censitae.</span> <span class='ocrx_word' id='word_1_322' title='bbox 429 3478 501 3532; x_wconf 88' lang='lat' dir='ltr'>Duas</span> <span class='ocrx_word' id='word_1_323' title='bbox 518 3478 687 3533; x_wconf 85' lang='lat' dir='ltr'>Dioscorides</span> <span class='ocrx_word' id='word_1_324' title='bbox 706 3480 841 3552; x_wconf 82' lang='lat' dir='ltr'>proponit.</span> <span class='ocrx_word' id='word_1_325' title='bbox 863 3482 891 3532; x_wconf 82' lang='lat'>1⁰</span> <span class='ocrx_word' id='word_1_326' title='bbox 900 3478 994 3550; x_wconf 87' lang='lat' dir='ltr'>Capite</span> <span class='ocrx_word' id='word_1_327' title='bbox 1006 3492 1149 3551; x_wconf 79' lang='lat' dir='ltr'>exempto,</span> <span class='ocrx_word' id='word_1_328' title='bbox 1163 3479 1244 3534; x_wconf 85' lang='lat' dir='ltr'>radix</span> <span class='ocrx_word' id='word_1_329' title='bbox 1255 3479 1281 3531; x_wconf 91' lang='lat' dir='ltr'>in</span> <span class='ocrx_word' id='word_1_330' title='bbox 1292 3488 1361 3529; x_wconf 78' lang='lat' dir='ltr'>testa-</span> 
     </span>
     <span class='ocr_line' id='line_1_36' title="bbox 298 3566 1358 3640; baseline -0.003 -20"><span class='ocrx_word' id='word_1_331' title='bbox 298 3566 367 3621; x_wconf 86' lang='lat' dir='ltr'>dinis</span> <span class='ocrx_word' id='word_1_332' title='bbox 376 3566 486 3620; x_wconf 82' lang='lat' dir='ltr'>inversae</span> <span class='ocrx_word' id='word_1_333' title='bbox 496 3566 612 3638; x_wconf 87' lang='lat' dir='ltr'>apceiem</span> <span class='ocrx_word' id='word_1_334' title='bbox 626 3568 712 3621; x_wconf 86' lang='lat' dir='ltr'>cultro</span> <span class='ocrx_word' id='word_1_335' title='bbox 723 3580 875 3629; x_wconf 83' lang='lat' dir='ltr'>excavatur,</span> <span class='ocrx_word' id='word_1_336' title='bbox 885 3586 939 3640; x_wconf 85' lang='lat' dir='ltr'>quo</span> <span class='ocrx_word' id='word_1_337' title='bbox 952 3569 1022 3621; x_wconf 85' lang='lat' dir='ltr'>litut</span> <span class='ocrx_word' id='word_1_338' title='bbox 1036 3568 1063 3619; x_wconf 88' lang='lat' dir='ltr'>in</span> <span class='ocrx_word' id='word_1_339' title='bbox 1075 3586 1173 3623; x_wconf 85' lang='lat' dir='ltr'>cavum</span> <span class='ocrx_word' id='word_1_340' title='bbox 1184 3567 1297 3623; x_wconf 82' lang='lat' dir='ltr'>confluat</span> <span class='ocrx_word' id='word_1_341' title='bbox 1306 3583 1358 3618; x_wconf 84' lang='lat' dir='ltr'>sac·</span> 
     </span>
     <span class='ocr_line' id='line_1_37' title="bbox 300 3652 1360 3728; baseline -0.003 -18"><span class='ocrx_word' id='word_1_342' title='bbox 300 3674 362 3722; x_wconf 85' lang='lat' dir='ltr'>cna,</span> <span class='ocrx_word' id='word_1_343' title='bbox 374 3652 421 3728; x_wconf 88' lang='lat' dir='ltr'>qui</span> <span class='ocrx_word' id='word_1_344' title='bbox 433 3654 542 3709; x_wconf 84' lang='lat' dir='ltr'>conchis</span> <span class='ocrx_word' id='word_1_345' title='bbox 554 3654 662 3708; x_wconf 86' lang='lat' dir='ltr'>demum</span> <span class='ocrx_word' id='word_1_346' title='bbox 676 3656 817 3728; x_wconf 84' lang='lat' dir='ltr'>excipitur.</span> <span class='ocrx_word' id='word_1_347' title='bbox 834 3655 862 3709; x_wconf 68' lang='grc' dir='ltr'>ι’</span> <span class='ocrx_word' id='word_1_348' title='bbox 871 3656 923 3708; x_wconf 75' lang='lat' dir='ltr'>Alii</span> <span class='ocrx_word' id='word_1_349' title='bbox 938 3656 1044 3709; x_wconf 75' lang='lat' dir='ltr'>scrobes</span> <span class='ocrx_word' id='word_1_350' title='bbox 1059 3656 1170 3709; x_wconf 82' lang='lat' dir='ltr'>interra</span> <span class='ocrx_word' id='word_1_351' title='bbox 1185 3662 1360 3710; x_wconf 74' lang='lat' dir='ltr'>concnmettto</span> 
     </span>
     <span class='ocr_line' id='line_1_38' title="bbox 300 3742 1357 3817; baseline -0.001 -20"><span class='ocrx_word' id='word_1_352' title='bbox 300 3744 361 3797; x_wconf 85' lang='lat' dir='ltr'>sinu</span> <span class='ocrx_word' id='word_1_353' title='bbox 376 3743 496 3808; x_wconf 76' lang='lat' dir='ltr'>fodiunt,</span> <span class='ocrx_word' id='word_1_354' title='bbox 515 3743 543 3795; x_wconf 94' lang='lat' dir='ltr'>in</span> <span class='ocrx_word' id='word_1_355' title='bbox 562 3760 628 3815; x_wconf 84' lang='lat' dir='ltr'>quaa</span> <span class='ocrx_word' id='word_1_356' title='bbox 648 3744 772 3815; x_wconf 82' lang='lat' dir='ltr'>subjectis</span> <span class='ocrx_word' id='word_1_357' title='bbox 785 3742 954 3817; x_wconf 71' lang='lat' dir='ltr'>iuglandium</span> <span class='ocrx_word' id='word_1_358' title='bbox 972 3742 1042 3796; x_wconf 80' lang='lat' dir='ltr'>loliis</span> <span class='ocrx_word' id='word_1_359' title='bbox 1060 3743 1233 3815; x_wconf 77' lang='lat' dir='ltr'>profundunt</span> <span class='ocrx_word' id='word_1_360' title='bbox 1244 3758 1357 3796; x_wconf 73' lang='lat' dir='ltr'>succum.</span> 
     </span>
     <span class='ocr_line' id='line_1_39' title="bbox 302 3826 1355 3908; baseline -0.003 -22"><span class='ocrx_word' id='word_1_361' title='bbox 302 3834 483 3905; x_wconf 85' lang='lat' dir='ltr'>siccatumque</span> <span class='ocrx_word' id='word_1_362' title='bbox 497 3832 649 3886; x_wconf 75' lang='lat' dir='ltr'>extrahunt.</span> <span class='ocrx_word' id='word_1_363' title='bbox 662 3832 786 3899; x_wconf 87' lang='lat' dir='ltr'>Quatuor</span> <span class='ocrx_word' id='word_1_364' title='bbox 797 3844 886 3885; x_wconf 86' lang='lat' dir='ltr'>autern</span> <span class='ocrx_word' id='word_1_365' title='bbox 901 3852 916 3885; x_wconf 83' lang='lat' dir='ltr'>u</span> <span class='ocrx_word' id='word_1_366' title='bbox 930 3833 1022 3885; x_wconf 80' lang='lat' dir='ltr'>Mesae</span> <span class='ocrx_word' id='word_1_367' title='bbox 1037 3844 1221 3897; x_wconf 76' lang='lat' dir='ltr'>recensentur,</span> <span class='ocrx_word' id='word_1_368' title='bbox 1235 3849 1292 3908; x_wconf 73' lang='lat' dir='ltr'>qun</span> <span class='ocrx_word' id='word_1_369' title='bbox 1304 3826 1355 3898; x_wconf 68' lang='grc' dir='ltr'>φῖ·</span> 
     </span>
     <span class='ocr_line' id='line_1_40' title="bbox 301 3914 1355 3994; baseline -0.006 -19"><span class='ocrx_word' id='word_1_370' title='bbox 301 3921 361 3975; x_wconf 86' lang='lat' dir='ltr'>dem</span> <span class='ocrx_word' id='word_1_371' title='bbox 381 3920 515 3975; x_wconf 86' lang='lat' dir='ltr'>diversum</span> <span class='ocrx_word' id='word_1_372' title='bbox 534 3938 641 3993; x_wconf 84' lang='lat' dir='ltr'>quoque</span> <span class='ocrx_word' id='word_1_373' title='bbox 657 3940 768 3975; x_wconf 85' lang='lat' dir='ltr'>succum</span> <span class='ocrx_word' id='word_1_374' title='bbox 789 3920 920 3975; x_wconf 80' lang='lat' dir='ltr'>exhibent.</span> <span class='ocrx_word' id='word_1_375' title='bbox 943 3922 1040 3986; x_wconf 87' lang='lat' dir='ltr'>Primo,</span> <span class='ocrx_word' id='word_1_376' title='bbox 1057 3923 1273 3994; x_wconf 78' lang='lat' dir='ltr'>quotoptimum</span> <span class='ocrx_word' id='word_1_377' title='bbox 1291 3914 1355 3970; x_wconf 81' lang='lat' dir='ltr'>radis</span> 
     </span>
     <span class='ocr_line' id='line_1_41' title="bbox 302 4008 1354 4083; baseline -0.004 -22"><span class='ocrx_word' id='word_1_378' title='bbox 302 4026 380 4081; x_wconf 77' lang='lat' dir='ltr'>super</span> <span class='ocrx_word' id='word_1_379' title='bbox 396 4020 491 4062; x_wconf 82' lang='lat' dir='ltr'>terram</span> <span class='ocrx_word' id='word_1_380' title='bbox 510 4008 650 4072; x_wconf 79' lang='lat' dir='ltr'>exstiterit,</span> <span class='ocrx_word' id='word_1_381' title='bbox 669 4028 728 4081; x_wconf 84' lang='lat' dir='ltr'>pars</span> <span class='ocrx_word' id='word_1_382' title='bbox 742 4012 799 4083; x_wconf 84' lang='lat' dir='ltr'>ejus</span> <span class='ocrx_word' id='word_1_383' title='bbox 814 4028 875 4082; x_wconf 69' lang='lat' dir='ltr'>quat</span> <span class='ocrx_word' id='word_1_384' title='bbox 889 4020 964 4063; x_wconf 74' lang='lat' dir='ltr'>terra</span> <span class='ocrx_word' id='word_1_385' title='bbox 979 4010 1160 4081; x_wconf 81' lang='lat' dir='ltr'>supereminet</span> <span class='ocrx_word' id='word_1_386' title='bbox 1169 4010 1251 4062; x_wconf 84' lang='lat' dir='ltr'>incisa</span> <span class='ocrx_word' id='word_1_387' title='bbox 1260 4020 1354 4060; x_wconf 68' lang='lat' dir='ltr'>succum</span> 
     </span>
     <span class='ocr_line' id='line_1_42' title="bbox 304 4092 1353 4171; baseline -0.008 -20"><span class='ocrx_word' id='word_1_388' title='bbox 304 4114 458 4171; x_wconf 74' lang='lat' dir='ltr'>gemmeum</span> <span class='ocrx_word' id='word_1_389' title='bbox 469 4095 587 4169; x_wconf 79' lang='lat' dir='ltr'>quotidie</span> <span class='ocrx_word' id='word_1_390' title='bbox 600 4096 722 4162; x_wconf 83' lang='lat' dir='ltr'>remittit,</span> <span class='ocrx_word' id='word_1_391' title='bbox 735 4099 781 4171; x_wconf 88' lang='lat' dir='ltr'>qui</span> <span class='ocrx_word' id='word_1_392' title='bbox 794 4099 905 4154; x_wconf 80' lang='lat' dir='ltr'>siccatus</span> <span class='ocrx_word' id='word_1_393' title='bbox 916 4114 1043 4153; x_wconf 74' lang='lat' dir='ltr'>servnur.</span> <span class='ocrx_word' id='word_1_394' title='bbox 1058 4095 1161 4151; x_wconf 80' lang='lat' dir='ltr'>Deinde</span> <span class='ocrx_word' id='word_1_395' title='bbox 1175 4096 1246 4151; x_wconf 80' lang='lat' dir='ltr'>radix</span> <span class='ocrx_word' id='word_1_396' title='bbox 1257 4092 1353 4147; x_wconf 84' lang='lat' dir='ltr'>omniuo</span> 
     </span>
    </p>
   </div>
   <div class='ocr_carea' id='block_1_7' title="bbox 0 0 1474 5009">
    <p class='ocr_par' dir='ltr' id='par_1_9' title="bbox 0 0 1474 5009">
     <span class='ocr_line' id='line_1_43' title="bbox 0 0 1474 5009; baseline 0 0"><span class='ocrx_word' id='word_1_397' title='bbox 0 0 1474 5009; x_wconf 95' lang='lat' dir='ltr'> </span> 
     </span>
    </p>
   </div>
  </div>
 </body>
</html>
