2925 5009
464 449 616 518 ninas
640 449 804 519 xxvn.
1029 415 1038 432 ’
1098 453 1169 549 873

100 595 287 676 etpropter
295 579 445 650 ischiada
457 582 493 649 in
506 582 586 650 vino
594 580 796 668 bibendum,
811 595 845 650 et
857 595 994 676 propter
1007 589 1168 675 tormina,

102 711 297 780 mensesque
309 686 453 756 ciendos.
968 687 973 693 ¹
1248 757 1251 762 .

154 794 282 862 xclll.
314 790 459 888 Peplis¹,
486 817 586 888 quam
609 790 710 888 aliqui
739 817 856 888 sycen,
878 792 953 863 alii²
973 798 1168 886 meconion,
1189 833 1200 868 r

69 941 79 954 ·
99 900 159 969 alii
174 921 312 968 mecona
322 899 477 994 aphrode
488 914 629 987 vocant,
648 923 690 968 ex
705 923 772 968 una
788 899 901 970 radice
913 903 1005 970 tenui
1016 900 1168 991 fmticet‚

100 1003 188 1074 foliis
208 1019 293 1074 rutae
314 1003 427 1100 paullo
454 1004 647 1094 latioribus,
667 1007 792 1075 semine
811 1005 873 1076 sub
894 1005 981 1076 foliis
1001 1008 1167 1096 rotundo,

102 1111 231 1180 minore
241 1135 341 1205 quam
354 1110 488 1182 candidi
496 1113 681 1207 papaveris.
697 1095 806 1182 Inter³
820 1113 903 1182 vites
919 1112 988 1182 lere
1003 1112 1168 1212 colligitur

101 1217 285 1305 messibus;
308 1219 516 1313 siccaturque
529 1241 608 1286 cum
621 1217 735 1288 fructu
752 1243 828 1305 suo,
846 1218 1001 1312 subjectis
1009 1205 1034 1308 ⁴,
1047 1221 1081 1288 in
1093 1245 1168 1316 quse

99 1321 242 1394 excidat
266 1309 359 1392 Hoc⁵
379 1338 461 1420 poto
479 1322 573 1394 alvus
600 1321 751 1410 solvitur,
769 1322 842 1394 bilis
861 1347 902 1394 ac
919 1325 1038 1419 pituita
1053 1326 1167 1396 detra-

100 1426 204 1498 hitur.
221 1411 356 1498 Media⁶
369 1431 461 1526 potio
474 1445 525 1499 est
534 1428 698 1500 acetabuli
711 1453 883 1515 mensura,
899 1431 936 1498 in
947 1453 1041 1524 aquae
1052 1431 1168 1504 mulsae

99 1535 242 1604 heminis
260 1536 378 1606 tribus.
403 1539 448 1606 Et
464 1537 546 1607 cibis
563 1536 766 1630 inspergitur
783 1535 994 1630 obsoniisque
1013 1537 1056 1606 ad
1077 1538 1167 1609 mol-

97 1639 246 1711 liendam
264 1640 386 1712 alvum.

153 1749 277 1818 XCIV.
292 1746 553 1843 Periclymenos¹
573 1749 708 1821 fruticat
722 1765 757 1820 et
769 1751 851 1846 ipsa,
857 1775 898 1820 ex
911 1750 1084 1822 intervallo
1097 1753 1165 1823 duo
1185 1793 1198 1828 ι

97 1851 179 1923 lolia
198 1852 344 1940 hebens,
363 1855 586 1943 subcandida,
600 1854 722 1924 mollia.
738 1857 779 1924 In
794 1857 966 1926 cacumine
982 1871 1094 1928 autem
1112 1884 1165 1930 sc·

95 1982 178 2028 men
199 1960 285 2030 inter
301 1959 381 2030 lolia
398 1960 538 2047 durum,
553 1975 590 2032 et
606 1961 699 2056 quod
718 1959 852 2031 difficile
870 1959 1021 2033 vellatur.
1047 1964 1165 2036 Nasci-

96 2062 176 2134 tur²
190 2066 227 2134 'm
247 2067 336 2136 arvis
353 2091 393 2136 ac
412 2067 562 2198 usibus,
578 2066 782 2138 convolvens
806 2091 841 2136 se
861 2065 1067 2138 adminiculis
1086 2072 1165 2164 qui-

96 2171 319 2267 buscumque3
330 2196 443 2242 semen
464 2174 535 2266 ejus
548 2175 583 2243 in
595 2172 715 2242 umbra
728 2173 889 2242 siccatum
905 2174 1069 2264 tunditur,
1083 2179 1167 2246 etin

94 2277 245 2372 pastillos
260 2277 433 2374 digeritur.
453 2265 516 2348 Ηί4
534 2278 670 2349 resoluti
686 2278 809 2349 dantur
822 2279 856 2348 in
869 2281 937 2349 vini
956 2279 1023 2350 albi
1038 2283 1166 2376 cyathis

94 2383 221 2471 tribus,
238 2385 371 2454 tricenis
387 2385 505 2455 diebus
521 2385 566 2454 ad
581 2384 721 2473 lienem3
746 2410 890 2479 eumque
905 2387 1001 2455 urina
1012 2403 1165 2476 cruenta,

92 2503 157 2558 aut
167 2513 229 2585 per
244 2489 357 2560 alvum
374 2491 540 2560 absumit:
555 2491 650 2585 quod
664 2489 859 2586 intelligitur
875 2515 895 2560 a
912 2491 1042 2562 decimo
1055 2495 1166 2564 statim

94 2594 161 2664 die.
176 2583 338 2666 Urinam⁵
359 2597 449 2666 cient
465 2610 500 2666 et
515 2596 593 2666 folia
612 2597 750 2667 decocta
768 2614 776 2657 τ
796 2621 870 2690 quae
887 2610 921 2667 et
939 2599 1165 2696 orthopnoicis

136 2749 236 2804 xcm.
252 2769 277 2804 1.
296 2751 386 2822 Peplis.
401 2751 446 2806 Sic
458 2751 535 2806 MSS.
550 2764 609 2806 tum
696 2759 723 2817 4.
738 2751 864 2822 Subsectr's.
879 2753 1068 2827 Subintelligc,
1087 2759 1166 2812 tabu·

93 2831 149 2882 hoc
162 2830 222 2883 loco
232 2869 241 2895 ‚
253 2842 310 2883 turn
326 2831 355 2883 in
368 2830 468 2884 Indice.
487 2831 608 2885 Dioscor.
653 2832 701 2898 lis,
714 2834 756 2886 vel
770 2831 866 2886 linteis.
880 2832 971 2884 Hirro.

93 2921 202 2975 tamen,
226 2910 278 2973 1v,
295 2911 350 2964 168
367 2931 375 2960 ε
397 2911 510 2975 Ilistra,
532 2912 553 2964 οἱ
577 2905 608 2963 di
695 2911 722 2965 5.
736 2911 800 2964 Hoc.
814 2910 966 2965 Dioscorid.
979 2911 1029 2965 loc.
1041 2911 1086 2966 cit.
1097 2913 1132 2968 Η.

94 2989 186 3054 ccxliv,
202 2989 223 3041 cl
239 2985 269 3040 dl
284 2989 387 3060 priusve
404 2987 509 3060 ἀφρώδη
521 2996 609 3042 καλοῦ·
693 2993 722 3044 6.
740 2991 825 3046 Media
839 2993 918 3061 potio.
940 2991 1014 3045 Justs
1029 3003 1056 3044 et
1071 2992 1165 3048 mode·

93 3087 131 3132 σι,
142 3079 297 3138 coeteraque,
306 3086 368 3139 quse
376 3068 488 3133 Plinius,
494 3067 608 3123 totidem
652 3081 718 3124 rata.
735 3071 824 3124 Diosc.
837 3071 856 3123 l.
868 3089 893 3123 c.
904 3071 995 3124 Hann.

93 3145 186 3199 verbis
197 3164 206 3199 τ
218 3161 248 3201 nt
260 3159 286 3201 et
298 3147 404 3200 Oribas.
419 3147 489 3214 ΧΠ,
500 3167 527 3220 p.
541 3165 606 3202 arr.
693 3150 793 3204 XCIV.
802 3167 824 3202 1.
836 3150 966 3220 Periclym.
977 3150 1041 3203 Haec
1054 3149 1166 3205 totidem

92 3225 205 3296 Egimm
216 3225 446 3299 deeo,XX,79.
458 3227 608 3280 11.-tt0·
652 3228 741 3282 verbis
762 3229 850 3282 Diosc.
877 3229 929 3292 IV,
951 3235 995 3294 14.
1021 3229 1166 3302 Clymenus

91 3305 139 3358 his
147 3303 243 3358 eodem
250 3307 362 3360 nomine
375 3307 517 3377 Euphorbr'a
524 3307 608 3377 Peplt'r
650 3308 707 3378 ipsa
715 3319 771 3373 est,
787 3306 822 3361 de
833 3325 885 3380 qua
896 3307 1000 3379 egimus
1009 3308 1058 3361 lib.
1073 3309 1164 3375 m,

92 3379 251 3447 (Dodccand.
260 3403 320 3457 gen.
333 3402 407 3456 ¹¹9⁰
417 3387 489 3440 Pers.
499 3387 608 3456 Euphor·-
650 3405 674 3440 c.
690 3386 737 3440 33.
750 3387 784 3440 Η.
795 3416 834 3428 -
844 3387 961 3440 Lonicera
970 3387 1165 3460 Periclymen,

94 3463 160 3518 diac.
172 3461 272 3530 Juss),
288 3463 323 3517 de
335 3484 386 3536 qua
400 3467 455 3536 jam
470 3483 539 3536 sape
555 3465 610 3536 egi·
653 3464 687 3519 dc
698 3485 750 3538 qua
762 3466 859 3538 saepius
869 3465 941 3520 alise.
953 3466 1006 3521 En.

92 3543 402 3599 maconectmnnt.
410 3547 471 3599 su.
479 3545 609 3610 Plantas,
696 3565 723 3598 a.
736 3547 860 3598 Nascitur.
872 3545 961 3598 Diosc.
972 3546 1022 3598 loc.
1035 3546 1080 3600 cit.
1098 3545 1134 3601 H.

97 3625 166 3695 187.
177 3623 230 3677 Eo.
695 3625 723 3680 3.
737 3624 829 3678 Samen.
844 3623 995 3679 Dioscorid.
1008 3625 1027 3677 l.
1043 3643 1067 3678 c.
1083 3625 1118 3678 H.

141 3721 170 3757 a.
183 3702 238 3755 Alii
258 3705 379 3756 monica
401 3705 528 3776 aphrodes.
553 3693 610 3773 (Sic
696 3710 723 3769 4.
737 3705 783 3758 Hi.
797 3707 885 3758 Diosc.
907 3702 1089 3776 quadragenis.
1112 3703 1167 3758 Sed

93 3771 194 3853 prius.)
207 3783 297 3853 Lego,
311 3808 324 3831 ι
335 3782 504 3838 aliimecons
515 3783 611 3856 aphro-
653 3781 752 3838 idcma
766 3796 841 3837 sexto
853 3781 897 3836 die
907 3795 1044 3836 cruentam
1059 3783 1101 3854 agi
1111 3785 1167 3838 uri·

90 3859 147 3925 de,
162 3885 174 3907 ·
200 3879 233 3914 ex
246 3873 300 3915 vet.
314 3864 481 3935 apographo,
504 3876 610 3921 tumex
653 3881 717 3916 nam
726 3857 901 3934 monct‚cbpa
914 3865 968 3932 ἄγει
980 3863 1029 3917 ἀπὸ
1040 3869 1084 3924 τῆς
1095 3865 1167 3924 ἕκτης

93 3939 394 4009 Dioscoridc,lib.1V,
406 3961 429 3997 c.
442 3944 508 4008 148.
519 3943 600 3997 Purr.
653 3943 748 4014 ἡμέρας
759 3938 903 4014 αἱματώδη.
918 3941 1008 3996 llario.

139 4011 398 4087 3.1ntervites‚btc.
420 4021 571 4077 Dioscorid.
586 4035 613 4077 ct
699 4021 727 4076 5.
750 4021 859 4076 Urinam.
881 4021 944 4076 Hoc
964 4020 1064 4092 pariter
1079 4019 1168 4076 Diosc.

95 4094 204 4153 oribus.
216 4098 295 4154 ll.·cc.
308 4099 401 4156 Huc.
656 4102 709 4156 loc.
722 4101 769 4158 cit.
784 4103 874 4156 Hanc.

173 4197 260 4265 VII.
