2925 5009
454 418 614 486 1.me
639 416 808 485 xxvu.
1028 485 1032 493 ,
1091 415 1161 510 ειη

86 552 218 623 caulem
242 564 320 619 aute
343 550 567 619 maturitatem
592 550 724 618 seminia
748 548 901 618 incidunt
920 550 1010 619 succi
1033 550 1161 643 gratia,

85 658 189 752 aliqui
211 672 247 727 et
277 655 369 726 soliar
396 656 570 724 Invenitur
597 670 632 725 et
658 678 719 750 per
745 680 781 724 se
805 654 951 749 lacryma
978 656 1195 739 adhaeream,

85 768 181 859 Ergo
199 760 519 859 pavimentandum,
546 761 604 830 ubi
628 776 699 831 sata
717 764 776 848 sit,
797 776 948 847 censent,
964 778 1002 831 ut
1019 761 1165 856 lacryma

86 894 156 939 uon
181 869 409 939 absorbeatur.
439 870 646 963 Fuere,'qui
671 867 857 937 traderent⁷
876 870 910 937 in
929 868 1044 938 Judoea
1065 893 1166 963 super

86 976 324 1071 Hierosolyma
345 972 544 1043 metallicam
571 974 641 1069 ejus
667 987 846 1043 naturam:
865 974 922 1043 red
945 973 1036 1043 nulla
1058 977 1164 1069 magis

86 1084 245 1179 improba
259 1068 340 1167 est⁸,
360 1104 469 1175 neque
490 1079 553 1149 alia
580 1083 707 1175 nigrior
727 1095 792 1165 est,
812 1096 871 1149 aut
893 1080 1073 1151 humidior.
1092 1084 1166 1151 Erit
1266 1113 1269 1117 ·

87 1215 174 1285 ergo
192 1193 319 1284 optima
340 1186 495 1283 pinguis⁹
512 1210 551 1255 ac
574 1186 697 1273 nitida,
714 1187 778 1255 ruli
794 1186 934 1274 coloris,
952 1186 1104 1275 friabilis,
1125 1212 1165 1257 ac

82 1296 248 1391 jocineris
264 1293 366 1363 modo
383 1306 516 1371 coacta,
537 1291 633 1362 facile
654 1292 847 1387 liquescens.
871 1293 1096 1388 Improbanda
1114 1296 1164 1363 ni·

86 1427 149 1497 gra
166 1417 202 1471 et
219 1401 320 1485 dura,
340 1423 479 1469 arenosa
506 1424 659 1494 quoque,
685 1424 760 1494 quar
781 1414 816 1469 et
839 1414 939 1494 gustu
959 1399 1160 1496 intelligitur.

87 1508 229 1577 Gummi
259 1504 481 1593 adulteratur,
508 1520 541 1574 et
568 1508 689 1575 acacia.
715 1505 845 1575 Natura
874 1505 980 1599 ejus'⁰
1005 1508 1197 1601 spissare,3

86 1614 251 1700 densare,
278 1626 312 1683 et
329 1610 447 1681 leniter
467 1610 653 1681 calfacere:
674 1636 754 1681 usus
769 1615 804 1681 in
818 1610 946 1696 multis,
962 1612 1020 1682 sed
1041 1614 1164 1707 prinei·

89 1719 208 1816 palia'¹
225 1718 338 1789 alvum
350 1717 495 1804 solvere,
513 1742 616 1812 quum
636 1742 730 1813 pune
744 1717 812 1789 sola
826 1718 1164 1802 medicamentorum,

87 1852 163 1923 quae
179 1826 212 1895 id
229 1838 404 1921 praestant,
419 1823 598 1895 confirmet
617 1827 717 1894 etiarn
740 1824 966 1910 stomachum,
993 1824 1077 1895 adeo
1097 1850 1164 1895 non

88 2022 136 2057 eeu
149 2000 264 2056 ramulis
277 2002 303 2054 in
315 2000 451 2054 turbinem
463 2000 515 2068 ima
532 2014 607 2072 parte
695 2020 739 2054 ιο.
750 2002 850 2054 Natura
861 2004 912 2071 ejus
923 2006 1034 2073 spissare.
1044 2004 1103 2057 Hoc
1112 2016 1165 2070 eet,

90 2080 389 2136 desinentibua.}laau.
650 2078 828 2152 adstringere.
855 2082 975 2133 Dicaeor.
1002 2084 1109 2154 direpta
1134 2079 1164 2137 dl

130 2182 160 2233 7.
174 2160 269 2221 Fuere,
280 2164 322 2234 qui
338 2160 468 2223 traderent,
484 2170 537 2213 etc.
558 2158 606 2212 Ni·
649 2162 701 2229 [χιι
719 2162 858 2225 murale,
871 2160 1023 2232 inpura-tadu,
1041 2182 1164 2217 curruu-

88 2260 138 2314 ger
153 2240 294 2295 herbariae
303 2241 365 2293 aetia
376 2238 488 2293 celebria
501 2238 529 2291 id
540 2238 607 2293 acri-
650 2241 694 2297 aia
718 2247 767 2293 τῶν
784 2240 920 2306 σωμάτων,
943 2242 1034 2303 κοιλίας
1051 2263 1079 2296 τι
1097 2250 1165 2297 λυτι-

89 2321 145 2393 ptia
165 2320 219 2375 suia
246 2318 419 2391 prodiderat,
448 2318 491 2371 rel
517 2320 608 2389 potina
651 2319 1162 2392 aiameapigeudooxeteprmir,ete.

88 2413 207 2474 nugatus
222 2411 287 2453 erat.
302 2401 371 2453 Dar..
385 2429 424 2441 -
441 2398 529 2451 Fuere.
543 2398 608 2452 Foe-
631 2412 633 2417 '
651 2398 743 2452 timu.
757 2430 798 2443 -
813 2401 919 2452 leniter.
934 2400 1055 2455 Gronov.
1076 2415 1103 2455 et
1116 2402 1162 2455 Al.

91 2482 171 2535 uilem
197 2477 339 2533 inludere
361 2478 438 2531 aloen
457 2476 570 2547 reperiri
593 2496 607 2529 a
651 2493 713 2533 aute
726 2478 808 2532 llud.
826 2480 916 2532 ieruer.
930 2480 983 2533 En.

90 2560 184 2615 Sextio
202 2558 287 2631 Nigro
307 2556 443 2631 proditum
461 2570 555 2611 auctor
570 2568 609 2611 eet
696 2558 1166 2630 11.Sedpn'aeipalis.Vetueeodex

92 2641 186 2695 Dioac.
200 2639 229 2691 in
240 2638 317 2710 praef.
326 2656 387 2709 pag.
397 2658 422 2690 a.
435 2639 536 2689 Auctor
545 2635 609 2689 libri
651 2655 706 2691 nou
717 2640 861 2710 principalis
875 2637 1024 2705 heheu-ed
1033 2643 1166 2711 principie:

91 2720 188 2791 Simpl.
205 2716 278 2772 med.
296 2729 361 2771 tom.
379 2717 448 2769 XIII
459 2715 534 2789 Opp.
554 2716 609 2769 Ge·
653 2714 762 2770 ridetur
777 2716 941 2789 legendum,
961 2724 1074 2790 prinecps
1084 2760 1093 2786 ,
1118 2739 1165 2776 aen

91 2800 239 2869 leni,pag.
260 2800 340 2865 984:
367 2793 610 2867 ‹Aliquidicunt,
650 2799 795 2867 precipuae.
811 2799 948 2851 ΡΜ-
965 2799 1056 2851 Atrum
1068 2801 1165 2853 mirere.

91 2879 198 2951 inquit,
210 2878 244 2931 de
259 2878 340 2949 petria
357 2894 414 2929 eam
428 2876 567 2928 collectam
582 2876 611 2929 in
655 2875 724 2929 Cela.
737 2878 781 2941 11,
792 2879 848 2940 4⁸2
866 2902 878 2925 e
891 2878 1076 2949 Dejectionem
1098 2880 1168 2934 euti·

91 2957 187 3012 Indara
206 2970 232 3011 et
250 2958 327 3021 Aria,
346 2970 426 3027 atque
446 2953 605 3009 inludia.»
655 2956 790 3027 quiveriie
797 2955 1010 3023 medicamentis,
1020 2959 1167 3032 crebreque

92 3040 129 3091 ll.
146 3069 186 3081 -
196 3037 374 3107 Hierosolyma.
390 3036 510 3089 Gronov.
525 3046 552 3087 et
565 3034 609 3087 Al.
653 3036 705 3088 alvi
715 3034 845 3090 ductione
854 3037 880 3089 in
891 3036 1017 3090 omnibu·
1028 3038 1084 3092 iere
1094 3058 1167 3092 mor-

93 3118 300 3190 Hierosolymam.
314 3116 369 3169 Eu.
653 3116 695 3168 bie
707 3116 895 3169 moliebantur.
909 3115 965 3169 sed
975 3116 1167 3173 medicamenta

135 3200 163 3252 8.
176 3196 228 3250 Sed
243 3197 312 3249 naua
332 3196 411 3265 magis
430 3194 538 3263 improbo
558 3204 610 3258 ert,
654 3196 821 3248 stomachum
841 3196 898 3249 fere
918 3194 1037 3265 ludunt:
1050 3196 1166 3271 ideoque

93 3297 170 3351 aeque
192 3278 245 3329 alia
265 3279 360 3346 nigrior
379 3272 502 3327 eseliae
526 3273 609 3327 verba
654 3274 944 3330 omnibuecettunieie
959 3276 1019 3329 aloe
1030 3278 1166 3332 miscenda

92 3378 149 3411 non
164 3356 271 3428 sepiunt
288 3356 425 3421 Plinium;
441 3353 478 3405 ob
499 3350 542 3418 id,
559 3353 609 3408 etei
652 3366 699 3407 eat.
712 3378 724 3401 ι
740 3354 829 3407 Serib.
840 3356 920 3426 Larg.
932 3354 1165 3427 Compormrr:

93 3438 150 3491 aola
166 3440 320 3507 conjectura
334 3434 447 3497 ductae,
466 3452 521 3485 non
536 3450 610 3487 rere·
655 3459 667 3481 ·
680 3434 752 3487 liene
772 3447 870 3504 purgat
887 3447 915 3488 et
928 3435 987 3488 brec
1006 3438 1165 3508 compositio

92 3519 146 3571 bor
166 3517 271 3588 aperire
292 3512 367 3587 quod
384 3512 488 3576 sentio,
510 3512 608 3567 certio·
653 3513 883 3577 aloea‚viotoriati
897 3513 1019 3585 pondua:
1032 3518 1163 3589 ootopto-

92 3616 151 3651 rem
176 3596 318 3649 lectionem
340 3610 420 3647 eree:
441 3618 452 3642 ι
471 3590 524 3645 sed
545 3604 608 3645 nota
652 3588 793 3656 niae(boo
808 3595 1166 3661 eet,eeammouiar)victo-

93 3677 180 3749 magis
195 3676 222 3729 iu
242 3674 324 3728 barba
346 3685 411 3727 est:
431 3689 492 3725 aem
514 3672 609 3726 metal-
652 3673 714 3726 riati
727 3672 834 3744 pondua
850 3694 856 3725 ε
872 3692 925 3728 una
941 3686 1081 3730 teruntnrz
1098 3675 1165 3747 edii·

93 3758 145 3811 lica
159 3756 264 3826 nigrior
276 3768 323 3808 eat.
341 3779 353 3802 ι
367 3754 448 3806 Pur.
654 3752 725 3807 citur
736 3754 822 3806 mellis
838 3751 912 3825 qnod
926 3752 988 3809 eetie
1003 3769 1043 3810 eet
1058 3755 1092 3810 ad
1108 3758 1164 3810 ool·

135 3852 163 3905 9.
180 3836 241 3888 Bru
253 3852 312 3903 ergo
327 3835 417 3904 optime
430 3836 543 3903 pinguis,
558 3844 608 3885 etc.
654 3830 762 3905 ligeuda
776 3852 817 3886 ea.
834 3836 921 3887 Datur
935 3852 967 3887 ex
983 3853 1059 3907 aqna
1073 3836 1166 3891 calido

93 3916 162 3983 Qua
189 3914 294 3987 reliquo
320 3913 448 3984 deincep·
469 3911 555 3983 eapite
576 3910 610 3965 de
656 3912 698 3965 vel
720 3910 823 3983 frigide
841 3912 946 3985 cyathis
962 3926 1087 3987 quatuor.
1106 3917 1166 3971 Hoc

95 3997 157 4049 aloe
180 4004 373 4059 memorantur,
386 4010 415 4045 ea
431 3990 543 4045 totidem
557 3992 612 4045 fere
656 3990 881 4046 medicamentum
913 3996 1077 4050 stomachum
1108 4014 1167 4051 nou

95 4074 185 4133 verbis
199 4074 278 4134 babet
288 4074 409 4126 Dioaeor.
421 4073 472 4125 loo.
484 4072 528 4125 cit.
542 4070 575 4125 ll.
656 4072 817 4144 corrumpit.
833 4098 844 4120 ·
857 4072 948 4126 Hera.
