2925 5009
336 441 410 512 620
612 443 651 512 C.
679 440 847 513 PLlNll
871 445 981 513 NAT.
1010 441 1140 513 HIST.

337 601 414 646 cum
429 573 555 662 melle²,
571 574 709 662 culices,
722 563 937 666 nubeculas³,
954 579 1192 650 obscuritatem
1209 579 1338 669 discuti,
1351 584 1393 653 ci·

337 684 475 752 catrices
496 685 666 752 extenuari
688 709 695 752 :
718 683 891 780 albugines
906 685 1040 780 quidem
1058 687 1159 754 etiam
1175 687 1391 776 jumentorum

336 789 471 859 sideriti.
487 792 562 858 lam
579 777 786 859 chelidonia⁴
804 815 907 886 supra
917 790 1013 860 dictis
1023 792 1180 862 omnibus
1196 795 1277 862 mire
1292 794 1393 864 mede

337 910 403 964 tur.
425 897 563 965 Parracis
586 895 731 964 radicem
755 922 833 966 cum
853 884 1004 990 polenta⁵
1027 898 1199 991 epiphoris
1220 901 1393 994 imponunt.

337 1003 535 1096 Hyoscyami
556 1026 667 1071 semen
687 1002 806 1071 bibunt
823 987 942 1072 obolo⁶
962 1004 1172 1072 tantumdem
1193 1009 1330 1075 meconii
1346 1005 1394 1076 ad

302 1148 316 1184 2
333 1103 502 1202 limentes,
524 1109 722 1202 vinumque,
741 1108 784 1177 ad
804 1109 982 1204 epiphoras
995 1109 1202 1179 inhibendas.
1211 1112 1395 1208 Adjungunt

336 1227 369 1284 et
383 1216 544 1310 gentianae
557 1213 723 1303 succum⁷,
734 1239 834 1310 quem
846 1213 990 1310 collyriis
998 1240 1134 1310 quoque
1148 1219 1326 1287 acrioribus
1337 1243 1393 1313 pro

379 1405 404 1439 a.
423 1383 499 1438 Sucro
514 1403 573 1435 aem
586 1386 683 1436 minoris
698 1403 751 1436 cum
771 1385 848 1436 melle.
892 1384 978 1437 oculis
992 1385 1177 1451 obversantur,
1195 1399 1224 1440 et
1238 1387 1334 1458 previa
1344 1389 1395 1442 leae

335 1456 611 1531 Diosc.111‚9:d‹lt
622 1465 691 1530 χυλὸς
702 1467 762 1534 πρός
776 1484 804 1516 rs
813 1465 848 1517 ad
892 1475 956 1516 aunt
978 1463 1078 1517 indicia
1101 1465 1166 1518 mali
1187 1468 1330 1530 nascentis.
1356 1468 1395 1521 eri

335 1544 473 1616 lplolpssir
492 1543 617 1613 αὖχρπςας.
638 1543 682 1596 Sic
701 1544 795 1596 Galen.
812 1542 848 1597 de
892 1555 974 1612 guttae
992 1561 1093 1598 serena
1114 1564 1215 1598 nomen
1235 1547 1394 1602 Reoendtaes

336 1620 397 1679 Fac.
408 1621 671 1694 simpl.med.Vll,p.
687 1624 847 1695 1883apu1.
891 1623 1031 1687 lecerunt,
1041 1637 1125 1694 goutte
1138 1630 1237 1678 mooe.
1253 1627 1305 1681 En.

335 1725 392 1778 cap.
407 1722 484 1768 xxxv,
499 1715 518 1756 t.
536 1723 562 1756 a.
575 1701 665 1755 Hann.
709 1705 711 1710 ’
826 1753 829 1758 ,
933 1709 961 1767 4.
989 1703 1142 1757 Chelidonia.
1159 1707 1240 1777 Apul.
1259 1725 1283 1759 c.
1301 1724 1393 1772 mm,

377 1785 404 1838 3.
422 1784 525 1847 Calices,
536 1782 677 1844 nubeculas,
693 1793 743 1835 etc.
759 1783 800 1834 Ita
814 1783 847 1834 li·
891 1780 934 1834 tit.
956 1801 967 1836 s
990 1801 996 1834 :
1014 1809 1027 1830 ι
1042 1783 1083 1835 td
1095 1784 1234 1857 caliginem
1249 1788 1391 1848 oculorum,

335 1865 377 1917 bri
387 1881 449 1916 rane
458 1880 565 1915 omnes:
581 1860 627 1914 sed
639 1862 716 1914 culex
727 1862 756 1913 in
769 1863 848 1915 oculo
891 1873 918 1912 et
941 1861 1144 1928 scabredinem,
1170 1877 1197 1918 at
1222 1867 1271 1936 qai
1294 1868 1391 1919 vulnera

335 1943 401 2016 quid
411 1961 494 2014 porro
508 1942 558 2006 sit,
570 1941 636 1993 alibi
645 1960 688 1994 me
695 1941 783 2012 legere
792 1961 846 1995 non
890 1939 973 1994 habet
987 1942 1016 1994 in
1028 1944 1128 2009 oculis,
1142 1956 1169 1998 et
1181 1945 1391 2016 albuginemoen·

334 2023 455 2076 memini.
471 2021 596 2090 caligines
612 2021 693 2074 scribi
712 2019 785 2073 haud
798 2020 849 2074 du·
890 2019 989 2074 lorum.
1001 2049 1012 2070 ·
1028 2022 1149 2076 Marcell.
1164 2025 1244 2095 Emp.
1259 2044 1317 2096 cap.
1329 2043 1389 2084 mu.

334 2103 379 2157 bic
394 2103 523 2156 sincerius
542 2101 638 2164 fuerit,
656 2113 702 2152 aut
719 2112 792 2153 certe
805 2103 849 2153 in·
890 2117 952 2170 pag.
967 2099 1004 2170 57
1020 2119 1028 2152 t
1042 2129 1055 2149 ι
1068 2101 1230 2156 Chelidonia
1251 2105 1342 2168 herba,
1357 2106 1391 2157 iu-

335 2183 506 2254 telligi3nam
522 2193 548 2234 et
562 2179 684 2232 Dioscor.
698 2179 757 2244 111,
772 2199 799 2250 9,
813 2180 849 2234 de
891 2180 965 2248 quit,
981 2181 1011 2232 in
1034 2180 1213 2236 hirundinum
1228 2197 1341 2238 mercare
1351 2203 1389 2236 n·

335 2262 474 2316 cenmurio
494 2259 614 2313 minore:
630 2249 652 2311 ὁ
667 2255 696 2312 dl
708 2263 795 2327 χυλὸς,
806 2262 848 2313 ln·
891 2258 984 2325 scitur,
1002 2279 1062 2332 quc
1079 2264 1166 2316 oculis
1184 2263 1331 2334 plurimum
1343 2264 1389 2316 sul·

334 2343 406 2416 quit,
417 2343 476 2412 πρός
491 2359 517 2393 τι
530 2338 564 2392 τὰ
574 2341 711 2410 ἂφῠαλμικὰ
722 2341 849 2410 εὕχρηςος,
891 2337 1029 2409 fragatur:
1040 2342 1156 2395 maxime
1166 2356 1255 2397 autem
1265 2344 1390 2415 caliginera

337 2421 507 2492 ἀποκαθαίρων
531 2419 565 2472 τὰ
590 2421 770 2471 Ιπιακοτοῦντα
793 2423 849 2480 ταῖς
891 2415 1029 2488 deterget,
1043 2415 1094 2473 et‘c.
1108 2447 1120 2468 ι
1134 2422 1227 2475 Hau.

336 2505 418 2574 κόραις
437 2503 479 2554 abs
498 2500 588 2570 μέλιτι.
609 2497 736 2552 «Saccus
755 2499 849 2552 oculo·
933 2497 960 2551 5.
979 2499 1087 2552 Parracis
1109 2503 1213 2554 ναᾰὶωω
1232 2505 1388 2575 mpla

336 2601 397 2637 rum
411 2578 610 2634 medicamentis
620 2597 749 2650 perquam
759 2579 849 2631 utilias
892 2577 994 2642 Socco,
1019 2597 1066 2632 sea
1088 2599 1247 2653 opopanace
1264 2584 1387 2636 oonlm

336 2663 441 2735 quippe
451 2659 499 2731 qui
506 2696 515 2723 ,
523 2677 583 2729 quar
592 2657 700 2728 pupillis
709 2658 850 2728 caliginem
891 2656 976 2710 aciem
985 2659 1094 2711 excitari
1104 2699 1113 2724 ,
1123 2661 1145 2713 si
1156 2663 1325 2733 inungantur,
1337 2662 1387 2714 arri·

337 2739 502 2804 offundunt,
517 2757 571 2791 ona
586 2755 648 2789 curn
666 2738 746 2790 melle
760 2736 850 2790 diacu-
892 2735 933 2788 bit
947 2737 1036 2791 Πίσαο.
1055 2741 1113 2804 ΙΙΙ,
1135 2743 1183 2795 55.
1193 2742 1288 2795 fluo.
1300 2742 1387 2793 -lo-

337 2823 395 2877 tint.
415 2845 427 2869 a
447 2819 483 2871 Et
501 2817 582 2887 Apul.
596 2835 655 2888 cap.
669 2829 788 2880 xxxv,t.
809 2836 848 2868 a:
892 2816 997 2869 dicem...
1016 2821 1150 2888 iasponmrt.
1174 2821 1221 2875 Sic
1240 2836 1266 2875 et
1286 2819 1384 2876 (Μαι

338 2923 350 2947 ι
362 2900 404 2954 ad
416 2899 558 2953 oculorum
574 2896 638 2950 vitia
652 2913 659 2948 :
675 2897 774 2950 Herba
786 2915 850 2949 cen·
896 2919 908 2943 ι
925 2894 1036 2950 radix...
1050 2899 1200 2969 imponitur
1216 2926 1228 2949 ι
1246 2902 1354 2954 cmo.
1364 2911 1384 2952 at

338 2993 437 3036 raone
452 2979 565 3031 minoris
577 2993 658 3028 succo
670 2976 762 3028 oculor
773 2975 851 3030 inun-
893 2973 961 3028 libb.
976 2988 1038 3029 ante
1051 2977 1134 3032 Hard.
1149 2981 1241 3052 rnlgg.
1252 2981 1301 3034 Eo.

338 3079 401 3134 ges:
425 3059 509 3112 aciem
527 3057 667 3110 oculorum
683 3067 849 3109 extenuatam
935 3058 963 3108 6.
979 3056 1129 3129 Hyoscyasal
1141 3079 1221 3113 senon
1231 3061 1311 3114 mos
1320 3058 1382 3112 elale.

339 3135 633 3204 renat:adjectoetiam
644 3135 851 3189 mellemirilice
894 3135 983 3188 Dloac.
1003 3135 1055 3200 w,
1071 3141 1131 3206 69:
1148 3142 1183 3194 Τὸ
1206 3136 1238 3194 dl
1253 3142 1382 3211 stippa...

339 3219 447 3292 prolicit
460 3236 466 3270 :
479 3214 651 3286 caligantibus
660 3231 771 3287 quoque
783 3233 850 3268 ocu·
893 3217 953 3284 πρὸς
976 3216 1055 3286 pcipe
1074 3219 1205 3289 ὀφθαλμῶν
1225 3221 1268 3274 καὶ
1284 3213 1383 3287 zosab-

338 3302 371 3355 lis
383 3313 410 3354 et
420 3297 524 3352 claritas
536 3294 711 3348 reniruitur.·
720 3296 757 3348 Et
766 3295 851 3349 Marc.
892 3293 977 3355 νίας...
987 3296 1044 3350 ὅσον
1056 3295 1141 3351 ttius
1155 3301 1199 3352 ahs
1211 3301 1315 3370 prims:
1325 3299 1383 3366 sti?-

339 3383 421 3452 Emp.
432 3395 490 3447 cap.
508 3391 609 3445 vrrr,p.
626 3379 659 3428 61
679 3395 685 3425 ι
707 3401 718 3420 ι
733 3375 850 3428 Centau·
894 3375 1382 3448 penanpmoeromsnnlmiu·

338 3479 391 3514 rec
403 3455 514 3512 minoris
534 3471 613 3508 rucco
631 3454 703 3506 oculi
724 3473 758 3507 ex
773 3455 851 3508 melle
894 3453 983 3507 Plinio
996 3473 1090 3509 succus
1103 3471 1143 3511 ast
1156 3461 1306 3530 papaveris,
1318 3455 1382 3510 atsli-

338 3539 442 3593 inuncti
453 3577 460 3603 ,
472 3535 584 3606 caligine
595 3537 649 3586 cito
662 3531 799 3603 deposita,
810 3547 849 3587 te·
892 3535 983 3586 ximus
992 3535 1061 3601 XX,
1075 3541 1125 3606 76.
1139 3536 1237 3592 Semea
1252 3541 1330 3610 ipsam
1345 3551 1381 3605 Ρ·

339 3619 494 3672 nuissimam
517 3614 600 3667 aciem
623 3626 770 3666 resumunt.
787 3640 798 3660 ι
814 3614 849 3667 ll.
892 3614 997 3684 paveris
1015 3615 1188 3671 Dioscorides
1201 3619 1312 3672 adhibet.
1320 3616 1351 3668 Η.

339 3731 379 3741 —
401 3698 505 3752 Calices.
519 3694 583 3746 Visa
606 3692 761 3746 suffusionis
784 3693 851 3746 iuci-
933 3711 961 3763 7.
976 3694 1378 3768 Adjuugumtgeasinem

329 3777 450 3850 plantis,
469 3793 552 3847 quum
569 3772 630 3844 aegri
650 3784 748 3844 putant
765 3774 850 3826 oculis
893 3773 1014 3827 Dicaeos.
1029 3776 1090 3840 111,
1106 3777 1135 3841 3,
1148 3796 1258 3831 succum
1270 3774 1377 3848 gatiam

340 3875 444 3910 muscas
460 3868 487 3909 et
502 3855 600 3908 culices
609 3852 765 3905 obrolitare.
779 3853 849 3906 Dan.
893 3849 999 3916 laudat,
1014 3853 1050 3908 ad
1064 3856 1204 3910 oculorum
1218 3853 1379 3910 indemnatio-

338 3969 379 3980 -
393 3937 467 3990 Brut.
479 3935 543 3987 item
558 3933 644 3985 emon
658 3931 784 3985 videntur
794 3951 850 3986 esse
893 3950 953 3986 nes:
964 3933 1069 3987 misceri
1076 3953 1186 4008 quoque
1192 3932 1377 4008 collyriisamio·

338 4019 413 4088 signa
425 4013 544 4087 quodam
559 4011 733 4084 apparentia,
746 4030 806 4083 qua
821 4025 850 4065 ut
892 4011 968 4065 ribus
980 4031 1031 4083 pro
1042 4018 1167 4069 meconio
1176 4017 1270 4087 jubet:
1283 4017 1314 4067 Τὸ
1323 4015 1376 4079 isb-

335 4113 449 4159 muscae,
471 4109 589 4158 aranea,
618 4091 703 4146 aliave
721 4090 750 4144 ld
767 4110 849 4161 genus
893 4111 948 4162 αμα
958 4093 1088 4164 ὀφθαλμῶν
1100 4091 1377 4167 lompampi-spanis·
