2925 5009
427 463 585 535 LIBER
608 463 730 533 XXV.
1048 462 1118 537 553

70 613 191 686 vocant,
211 597 266 668 alii
295 597 510 694 polyrrhizon
537 625 544 667 :
571 612 693 695 purgat
712 623 773 693 per
790 586 951 667 inferna¹⁴
971 624 979 666 :
1000 600 1118 670 candi·

70 695 163 772 dum²⁵
179 719 290 775 autem
312 707 508 792 vomitione,
531 727 711 798 causasque
733 705 930 773 morborum
955 706 1118 791 extrahit,-

70 811 217 903 quondam
234 812 399 898 terribile,
414 827 529 908 postea
540 826 609 880 tam
623 811 871 906 promiscuum,
889 799 959 879 ut²⁰
970 810 1119 906 plerique

70 917 235 986 studiorum
255 921 360 1013 gratia
377 918 418 988 sd
440 917 643 1013 pervidenda
665 918 792 1004 acrius,
817 941 892 1010 quae
909 933 1118 988 commenta-

68 1021 188 1107 bantur,
200 1027 320 1120 saepius
331 1025 610 1120 sumptitaverint.
627 1022 834 1094 Carneadem
843 1022 868 1064 ²⁷
879 1046 1118 1118 responsurum

69 1127 193 1200 Zenonis
209 1129 304 1200 libris
322 1156 330 1198 :
353 1133 502 1200 Drusum
515 1119 539 1158 ²⁸
560 1152 693 1224 quoque
707 1127 796 1222 apud
812 1153 890 1216 nos,
908 1129 1119 1201 tribunorum

67 1233 260 1328 popularium
297 1235 515 1306 clarissimum
548 1227 629 1322 (cui
658 1250 736 1304 unte
764 1259 880 1304 omnes
908 1233 1002 1329 plebs
1029 1250 1119 1307 stans

68 1337 184 1433 plausit,
202 1344 380 1438 optimates
391 1343 417 1383 ²⁹
435 1365 516 1410 vero
529 1339 653 1412 bellum
669 1336 853 1410 Marsicum
872 1337 1120 1436 imputavere),

67 1489 133 1562 lt'rpp.
146 1491 215 1564 spud
233 1492 295 1546 Gal.
309 1511 337 1563 p.
354 1511 407 1562 ¹¹9
420 1511 428 1545 :
441 1493 561 1565 lucipou·
607 1492 640 1545 rii
651 1490 749 1544 coloris
761 1488 888 1544 humores
898 1492 1045 1546 extrahens.
1058 1518 1070 1541 ι
1082 1493 1118 1549 Η.

68 1577 150 1632 baut&
161 1575 231 1642 pacis
248 1573 313 1641 sisu
327 1577 453 1626 καλεῖσθαι
465 1574 505 1626 sir
517 1575 563 1642 pi·
650 1575 696 1625 26.
722 1571 758 1623 Ut
777 1571 894 1642 plerique.
922 1571 987 1625 Hsec
1006 1571 1118 1627 totidem

67 1650 257 1723 uirtutium.
272 1649 422 1706 Dioscorid
444 1652 496 1706 loc.
515 1653 560 1706 cit.
607 1651 696 1704 verbis
711 1649 824 1715 Gellius,
832 1650 929 1715 xvss,
947 1651 993 1716 1⁵,
1004 1669 1032 1722 p.
1050 1655 1119 1720 960,

68 1719 176 1801 bliiqcs
190 1735 279 1803 μᾱας,
294 1733 314 1784 οἱ
329 1727 359 1784 di
371 1728 562 1801 Meteprru'dus,
605 1727 641 1782 de
656 1728 794 1784 Carneade
811 1729 841 1782 iu
859 1731 962 1806 primis.
977 1732 1013 1784 ttt
1026 1732 1115 1786 Veler.

69 1807 122 1862 stt
138 1813 237 1882 irrepsi
256 1803 338 1882 (lege
350 1813 451 1881 irrepsi
463 1808 484 1876 ),
499 1813 519 1864 sl
533 1807 563 1865 di
605 1807 716 1861 Maxim.
729 1809 814 1873 VIII,
828 1827 855 1879 7,
870 1827 897 1862 n.
916 1810 932 1863 5
950 1828 957 1862 :
980 1835 993 1858 ι
1003 1811 1119 1866 Carnea-

67 1891 195 1962 ssiteta,
219 1910 236 1944 a
258 1891 359 1955 multa,
378 1901 409 1942 ut
429 1887 562 1957 diximus,
606 1886 652 1940 des
669 1906 730 1942 cum
747 1889 903 1962 Chrysippo
922 1887 1118 1960 disputaturus,

67 1967 140 2022 redire
157 1971 299 2023 fimbriata.
326 1968 406 2022 Prius
433 1969 461 2021 in
485 1967 562 2022 editis
605 1967 725 2020 elleboro
742 1985 770 2020 se
787 1979 849 2020 ante
867 1967 1058 2040 purgabat,ed
1074 1989 1119 2024 ex·

67 2045 267 2102 librumtomcu:
287 2049 315 2101 iu
334 2049 412 2101 MSS.
425 2067 561 2120 eueymorr:
604 2045 779 2119 primendum
793 2046 930 2117 ingenium
946 2067 1022 2100 suum
1034 2061 1118 2103 atten-

69 2139 191 2200 unumque
203 2147 340 2200 perverse.
356 2125 451 2178 lirun:
605 2126 672 2192 tius,
690 2139 716 2178 et
730 2125 801 2178 illius
817 2125 992 2180 refellendum
1005 2129 1092 2183 scmus
1107 2149 1114 2184 :

99 2215 138 2271 rt.
150 2211 246 2279 Perga!
256 2229 304 2279 per
314 2209 418 2274 infima,
428 2218 480 2282 etq.
493 2207 561 2260 Pur·
604 2223 670 2277 quas
682 2205 804 2273 potiones
814 2203 942 2258 industrie
956 2205 1048 2260 solida
1060 2209 1116 2263 lau·

68 2287 125 2353 pun
138 2307 168 2342 ex
183 2289 304 2343 elleboro
318 2287 435 2340 nascenti
451 2285 561 2340 medici·
604 2283 646 2338 dis
654 2282 760 2354 cupidis
769 2285 852 2338 eflicit
865 2285 1035 2356 appetendas.
1048 2314 1059 2335 ι
1074 2289 1115 2342 De

68 2381 188 2421 uacum
210 2369 272 2422 fuit.
293 2367 469 2438 Hippocrates
489 2379 561 2420 utre·
605 2361 940 2431 Carneadesliasdiximus,
949 2366 1114 2430 v11,31.11.

69 2461 109 2513 yae
124 2448 227 2500 ellebori
247 2447 338 2518 specie
357 2463 420 2498 usus
436 2457 491 2508 est,
514 2444 560 2518 qui
647 2461 691 2513 ²7·
720 2443 877 2496 Carneadem.
898 2445 939 2498 De
962 2445 1115 2518 Chrysippo

69 2525 158 2579 disboti
172 2527 334 2598 simpliciter
346 2523 411 2578 dicti
427 2541 508 2590 voce,
522 2526 561 2578 al·
603 2520 674 2576 idem
692 2523 785 2577 scribit
797 2523 938 2576 Petronius
956 2525 984 2577 in
1000 2527 1110 2600 Satyra:

69 2601 118 2656 buu
136 2605 270 2678 designem
293 2607 400 2676 nigrum
417 2621 480 2656 vero
499 2623 561 2658 cum
607 2628 619 2649 ·
629 2603 811 2674 Chrysippus,
821 2603 926 2674 iuquit,
940 2603 1012 2658 utad
1023 2606 1115 2659 iuven·

69 2680 192 2752 dictione
207 2703 317 2756 semper
333 2683 507 2748 denominat,
530 2697 561 2737 ut
603 2683 704 2735 tionem
716 2683 861 2747 sufficeret,
875 2695 916 2736 ter
926 2684 1046 2738 elleboro
1058 2687 1115 2740 uni·

70 2775 129 2830 putet
138 2759 262 2820 Galenus.
276 2766 341 2818 Haec
352 2777 439 2817 sutem
447 2781 563 2834 purgen·
604 2779 679 2815 mum
692 2761 826 2815 detersit.»
844 2763 915 2815 Dru.

70 2837 561 2917 diratiospeetatissimisomnibusme-
646 2843 690 2896 at.
707 2843 822 2895 Drusum.
844 2843 923 2896 Hunc
943 2841 1032 2897 locum
1052 2843 1113 2898 Gel-

71 2916 122 2974 dicis
132 2939 247 2997 suspecta
263 2923 328 2987 l'uit,
339 2942 388 2976 nec
398 2923 560 2976 nisisumma
602 2921 655 2974 lius
668 2921 703 2974 ita
717 2922 811 2974 recitat
826 2921 844 2974 l.
862 2941 887 2975 c.
904 2940 932 2993 p.
944 2941 1017 2993 971:
1033 2949 1044 2972 ι
1061 2923 1114 2978 Sed

71 3015 118 3053 tum
140 3005 258 3060 cautione
285 3003 320 3056 ab
341 3003 404 3074 ipsis
417 3002 561 3056 Veteribus
603 3001 751 3055 elleborum
766 3002 835 3054 sumi
851 3020 926 3074 posse
941 3004 1071 3056 tutissime
1083 3003 1113 3057 in

71 3077 169 3137 ethites
188 3085 275 3139 solita.
306 3080 394 3160 Hodiq
416 3081 488 3154 apud
511 3100 560 3136 nos
602 3081 688 3134 insula
706 3081 835 3154 Anticyra
854 3075 956 3134 Plibius
975 3082 1113 3138 Secundus

71 3158 160 3216 ellebori
177 3183 240 3218 usus
262 3163 319 3216 iere
334 3162 462 3227 exolevit,
480 3179 512 3214 ex
528 3179 560 3214 eo
602 3160 631 3213 in
645 3161 720 3213 libris
732 3161 857 3214 naturalis
864 3160 980 3214 historice
987 3162 1110 3234 scripsits

71 3239 211 3306 potissimum
245 3256 370 3312 tempore
408 3259 462 3312 quo
494 3241 562 3293 stibii
602 3253 745 3311 propterea
770 3241 878 3292 Livium
902 3241 1039 3308 Drusum,
1065 3245 1113 3314 qui

70 3307 201 3393 (initaque)
223 3321 434 3395 praepmtiones
457 3321 560 3374 cathar-
603 3320 728 3372 tribunus
747 3319 834 3390 plebis
852 3319 922 3383 suit,
941 3339 1025 3392 quum
1041 3340 1113 3375 mor·

71 3396 116 3450 tice
136 3413 160 3455 et
182 3402 332 3455 vomitorioe
356 3401 530 3453 innotuerunt
551 3415 559 3454 t
603 3399 667 3452 bum
680 3437 687 3463 ,
702 3399 749 3469 qui
762 3399 902 3452 comitialis
918 3398 1115 3472 dicitur,pate·

71 3477 561 3551 mquidemtutioreslongevidentur
603 3491 689 3543 retur,
709 3479 865 3548 Anticyram
879 3481 1032 3550 navigasse,
1046 3481 1115 3534 etin

71 3562 180 3629 purgendi
201 3561 338 3624 rationes,
350 3577 400 3611 nec
420 3559 510 3610 minus
523 3559 560 3611 ei·
604 3577 634 3612 ea
649 3557 735 3610 insula
745 3558 891 3611 elleborum
905 3559 1002 3612 bibisse
1013 3559 1064 3626 ait,
1076 3573 1115 3613 st-

72 3635 154 3691 liesees.
168 3641 245 3694 Corsi.
262 3639 367 3693 Geoiir.
377 3639 471 3692 Mater.
485 3637 557 3690 med.
605 3655 659 3712 que
671 3637 707 3689 ita
717 3637 813 3690 morbo
823 3638 991 3691 liberatum.»
1001 3639 1116 3712 Nigrum

73 3724 123 3769 um.
134 3719 171 3784 11,
184 3739 211 3792 p.
222 3727 259 3790 74
274 3737 330 3791 sqq.
344 3720 489 3770 etExcurs.
500 3719 514 3770 1
525 3715 560 3771 de
603 3729 739 3770 teratrum
761 3713 796 3769 ad
810 3718 971 3771 comitialem
989 3719 1116 3773 morbum

74 3792 179 3852 Elleboro
192 3799 226 3853 ad
241 3801 341 3852 aloem
357 3798 414 3869 buj.
428 3797 476 3850 lib.
487 3797 539 3850 Eu.
604 3797 695 3852 Celsus
703 3814 811 3868 quoque
821 3796 1000 3864 commendat,
1008 3799 1061 3864 111,
1070 3799 1117 3854 23.

104 3877 140 3929 ri.
163 3879 307 3933 Candidum.
333 3877 453 3930 Marcell.
480 3877 559 3948 Emp.
648 3895 692 3946 ²9·
708 3877 844 3947 Optimetss
857 3896 916 3929 uero
929 3877 1014 3930 bellum
1026 3879 1117 3932 Marsi·

75 3969 120 4022 ttp.
131 3975 192 4022 nx,
203 3979 230 4032 p.
252 3977 300 4022 ar,
313 3969 340 4010 et
350 3953 497 4010 Dioscorid.
511 3957 562 4021 w,
608 3975 660 4009 eum
671 3961 822 4027 imputavere.
835 3957 965 4010 Nostrum
975 3959 1120 4030 exemplar,

78 4031 119 4085 rio
132 4055 138 4085 e
152 4039 268 4109 Melpes
284 4032 315 4089 ii
330 4031 365 4089 rit*
381 4037 483 4106 ipisus,
496 4033 564 4108 ἄγων
608 4039 1120 4107 importarm,nonimputaverecaeterum

75 4115 163 4168 teau.
176 4143 187 4164 ι
203 4119 301 4188 Purgst
314 4115 503 4168 vomitionibus
521 4132 565 4168 vs·
610 4116 690 4169 verbs
702 4116 775 4182 brec,
792 4143 803 4166 ι
818 4117 861 4169 cui
876 4121 1037 4171 anteomries
1048 4119 1123 4190 plebs

137 4216 211 4282 VII.
956 4208 1002 4279 36
