2925 5009
318 411 389 510 672
596 417 637 485 C.
663 416 836 487 PLINII
859 414 965 485 ΝΑΤ.
991 414 1118 483 lllST.

284 582 289 589 ·
319 550 452 643 gionem
472 548 545 642 ejus
563 547 778 644 importante.
803 550 876 619 Nec
895 570 1025 617 sensere
1050 545 1083 615 id
1105 544 1230 615 malurn
1250 546 1399 630 femine,

320 668 379 723 ant
390 654 546 737 servitia,
565 653 745 750 plebesque
765 653 919 739 humilis,
940 668 999 721 aut
1013 652 1122 721 media
1138 678 1148 720 :
1165 652 1224 721 sed
1242 678 1397 747 proceres

320 759 427 830 veloci
438 763 578 831 transitu
594 758 698 831 osculi
714 764 858 831 maxime
874 786 882 827 ε
901 759 1038 830 foediore
1054 756 1241 828 multorum
1251 761 1314 854 qui
1326 784 1397 853 per·

322 869 391 962 peti
422 866 623 937 medicinam
650 866 896 951 toleraverant,
926 866 1099 950 cicatrice,
1132 888 1238 959 quam
1267 866 1396 935 morbo.

322 974 487 1043 Causticis
517 998 662 1069 namque
685 975 887 1061 soraborum
914 974 950 1043 ni
982 972 1142 1067 usquein
1171 996 1251 1041 ossa
1279 996 1400 1066 corpus

284 1116 305 1151 s
323 1094 476 1149 exustum
489 1095 595 1168 esset,
609 1078 792 1151 rebellante
805 1078 918 1151 taedio'
931 1105 940 1148 ε
955 1078 1231 1171 adveneruntque
1250 1104 1296 1148 ex
1309 1080 1400 1173 AEgy·

322 1200 382 1281 pto
399 1187 559 1281 genitrice
573 1185 689 1256 talium
707 1189 864 1259 vitiorum
881 1185 1018 1268 medici,
1033 1183 1241 1253 hancsolam
1262 1208 1397 1279 operans

322 1292 517 1374 afferentes,
535 1316 656 1387 magna
677 1318 737 1363 sua
754 1292 876 1413 praeda.
895 1290 1065 1423 Siquidem
1084 1304 1214 1361 certum
1236 1306 1311 1372 est,
1324 1293 1396 1359 Ma·

322 1396 459 1467 nilium’
478 1401 705 1469 Cornutume
727 1400 891 1495 praetoriis
895 1384 1072 1493 ³legatum
1092 1398 1306 1491 Aquitanicae
1324 1422 1395 1491 pro·

325 1506 456 1592 rinciae,
476 1508 525 1572 ll·
526 1508 550 1577 S
570 1493 648 1575 CC⁴
675 1505 852 1579 elocasse
844 1530 877 1575 nr
896 1529 936 1574 eo
957 1503 1076 1574 morbo
1094 1502 1289 1575 curandum
1310 1528 1395 1573 sese:

322 1610 507 1741 acciditque
519 1614 658 1711 saepius,
677 1626 717 1681 ut
725 1635 813 1681 nova
830 1626 946 1682 contra
965 1634 1086 1703 genera
1102 1608 1306 1678 morborum
1323 1636 1393 1705 gre-

255 1708 263 1727 '
323 1702 449 1811 gati1u⁵¹
466 1718 675 1787 sentirentur.
702 1720 782 1809 Quo
804 1716 985 1787 mirabilius
1005 1713 1084 1809 quid
1105 1729 1218 1809 potest
1239 1712 1396 1811 reperiri³

322 1820 484 1917 aliqua
452 1826 542 1918 gigni
564 1839 700 1919 repente
718 1825 798 1894 vitia
815 1840 979 1893 terrarum
999 1825 1033 1890 in
1050 1836 1144 1915 parte
1160 1837 1277 1905 certa,
1297 1848 1390 1890 mern-

323 1928 457 2025 brisque
472 1929 651 1999 bominum.
659 1932 775 2017 certis,
787 1928 840 1999 vel
858 1930 1027 2013 aetatibus,
1042 1942 1101 1997 aut
1117 1929 1220 1997 etiam
1237 1929 1390 2013 fortunis,

322 2049 492 2131 tamquam
514 2035 602 2108 analo
624 2034 783 2131 eligente,
811 2038 882 2111 baec
907 2038 941 2105 in
969 2036 1079 2129 pueris
1104 2036 1270 2130 grassari,
1291 2034 1343 2104 illa
1360 2037 1388 2103 in

322 2140 442 2209 adultis
458 2167 465 2209 :
480 2140 552 2211 baec
571 2168 726 2237 proceres
743 2144 883 2229 sentire,
901 2140 956 2212 illa
971 2166 1144 2237 pauperes.

291 2282 304 2318 1
380 2250 442 2319 lv
466 2246 650 2318 L.Paullo
649 2250 720 2339 ,Q.
738 2251 867 2319 Marcio
886 2246 1079 2318 censoribus
1085 2246 1259 2342 ,primunr
1283 2250 1387 2316 inlta·

324 2354 400 2425 liam
422 2352 662 2425 carbunculum
682 2357 831 2441 venisse,
858 2354 1039 2425 Annalibus
1059 2352 1311 2485 conscriptum'
1331 2366 1388 2436 est,

322 2457 488 2557 peculiare
503 2462 729 2532 Narbonensis
747 2462 926 2557 provinciae
948 2446 1112 2529 malum³2
1132 2484 1201 2555 quo
1223 2460 1293 2531 duo
1311 2485 1384 2529 oon-

321 2566 447 2637 sulares
467 2564 578 2636 obiere
591 2568 811 2639 condentibus
823 2568 895 2639 baec
912 2567 1008 2637 nobis
1026 2566 1142 2636 eodem
1162 2591 1270 2651 anno,
1289 2564 1383 2635 Julius

361 2710 413 2765 111.
429 2710 597 2767 nlledellaaee
606 2712 689 2769 todia.
697 2712 833 2769 Remuds·
876 2714 980 2770 cuerit:
995 2710 1098 2785 eritque
1117 2730 1149 2764 es
1168 2730 1275 2767 sumina
1292 2724 1381 2764 mntnn

321 2802 410 2843 scente
419 2792 523 2845 morbo.
536 2792 628 2844 Hsnn.
875 2792 1004 2845 librsrurn
1026 2810 1132 2855 ao,ooo.
1153 2790 1191 2844 Η.
1207 2822 1248 2831 -
1261 2792 1332 2843 Brot.
1343 2808 1379 2841 er·

364 2868 517 2940 a.Siquidem
527 2884 615 2923 certum
628 2882 672 2933 est,
685 2870 831 2938 Manilium,
876 2872 939 2925 trita
951 2890 982 2924 ex
994 2870 1075 2924 codd.
1088 2870 1265 2937 tineotssts
1274 2870 1326 2923 CC.
1335 2870 1376 2922 En.

319 2961 369 3001 etc.
383 2950 446 3002 llaec
456 2948 568 3002 totidem
584 2950 673 3004 resbis
687 2950 755 3003 l'lin.
768 2952 829 3005 Vel.
917 2950 944 3004 5.
961 2951 1099 3021 Gsegots'st.
1114 2952 1137 3003 Α
1149 2968 1231 3022 grege
1246 2963 1342 3003 tantun
1355 2960 1379 2999 et

318 3028 371 3081 loo.
385 3030 429 3081 cit.
451 3028 581 3083 Manlium
595 3032 745 3084 Cornutum
759 3030 831 3087 idem
874 3031 972 3085 humili
982 3032 1059 3103 plebe
1068 3030 1241 3085 sentirentur.
1256 3030 1341 3081 llssn.

319 3108 491 3178 proMsnilio
503 3128 644 3181 perperam
658 3122 742 3163 vocat.
755 3108 790 3161 Η.
914 3112 965 3163 lv.
979 3128 1002 3164 1.
1014 3112 1045 3163 1..
1057 3108 1156 3161 Paullo.
1171 3110 1206 3163 L.
1217 3110 1301 3163 AErnil.
1312 3108 1376 3161 Panl-

361 3188 387 3241 3.
406 3188 429 3238 Ε
437 3194 567 3257 pretoriis.
582 3190 621 3241 Ex
631 3206 724 3242 eorum
736 3206 831 3243 nume·
875 3188 1375 3260 lus,Q.Msroinstilippnss-ensorsn

318 3286 350 3320 so
362 3268 408 3339 qui
422 3280 562 3339 praeturam
579 3280 720 3340 gesseram.
735 3270 770 3321 Η.
875 3288 993 3340 gessere,
1004 3288 1035 3323 ac
1046 3270 1158 3323 lustrum
1171 3269 1257 3323 fecere
1269 3284 1373 3329 snam.

360 3354 389 3411 4.
408 3348 467 3401 HS
479 3338 524 3401 Οἳ.
538 3348 596 3401 Ηοο
612 3360 667 3413 est,
679 3350 829 3403 sestertium
875 3350 956 3403 Urbis
970 3350 1034 3419 590.
1046 3348 1136 3402 llsnn.

318 3424 456 3480 ducenties
478 3440 586 3481 centena
608 3428 700 3480 millia.
713 3428 830 3483 Moneta
915 3450 940 3482 a.
958 3428 1124 3497 Conscriptnrs
1137 3426 1225 3479 est.1n
1238 3422 1336 3479 ll.rod.
1351 3442 1371 3479 ι.

318 3519 416 3559 nostres
429 3506 503 3569 librae
515 3520 578 3560 sont
591 3526 745 3573 s,ooo,ooo,
759 3508 829 3574 sive,
873 3513 1035 3561 constitueres.
1045 3509 1077 3561 ln
1088 3508 1153 3577 lleg.
1166 3526 1198 3571 s,
1210 3520 1236 3561 et
1246 3504 1330 3559 Cbilll.
1339 3522 1372 3554 so

319 3596 349 3637 ut
361 3586 451 3649 aiunt,
474 3587 606 3639 milliones
618 3587 749 3640 librarum
763 3586 828 3643 duo.
874 3600 959 3641 tatum.
975 3586 1068 3638 blano.

318 3664 404 3729 Quod
421 3666 442 3717 si
464 3668 506 3718 cui
522 3666 574 3719 boc
589 3664 747 3719 valetudinis
767 3684 829 3735 pre·
914 3666 940 3720 3.
950 3713 953 3722 .
963 3666 1128 3721 Narbonensis
1142 3666 1270 3735 prors'ocr'oe
1284 3662 1368 3713 alsa.

317 3744 384 3795 tium
393 3743 831 3818 incredibilevidemnubnudgra·
874 3746 962 3817 Atque
975 3744 1002 3798 id
1015 3744 1102 3798 morbi
1113 3762 1196 3816 genus
1202 3740 1328 3814 bodieqne
1336 3742 1366 3792 ibi

317 3833 376 3876 vate
386 3826 525 3891 assentiar,
535 3839 565 3879 ut
579 3826 674 3879 extrita
688 3825 784 3879 lineola
794 3828 829 3879 le·
874 3826 1006 3889 sentitur,
1018 3841 1169 3896 nomenque
1179 3822 1267 3881 babet,
1281 3820 1366 3873 tecto·

234 3950 240 3961 .
317 3914 373 3973 gat,
391 3904 448 3956 H·S
465 3921 512 3969 co,
529 3906 582 3959 boc
594 3918 648 3967 est,
662 3904 775 3959 ducents
788 3924 828 3961 se·
874 3904 920 3957 boo
930 3906 1074 3976 proceret-ol,
1096 3906 1129 3957 ab
1141 3922 1170 3957 ea
1183 3903 1295 3971 regione.
1306 3896 1363 3949 Vide

317 3980 406 4034 stertis
425 4002 432 4035 ε
451 3984 581 4056 siqnidem
598 3986 672 4057 prius
687 3986 826 4057 antiquum
874 3985 977 4039 llonor.
992 3986 1118 4048 Βοῦσαι,
1130 3982 1194 4035 llist.
1206 3983 1280 4033 Prov.
1289 3978 1331 4031 lib.
1342 3978 1365 4033 l.

317 4062 452 4117 scribendi
468 4082 572 4118 morem
588 4064 616 4119 id
636 4064 671 4119 ita
691 4066 760 4119 serre
779 4064 826 4117 do·
873 4082 930 4137 cap.
945 4066 975 4131 8,
988 4084 1046 4137 pag.
1062 4072 1107 4133 47.
1120 4060 1206 4115 llstn.
