<?xml version="1.0" encoding="UTF-8"?>
<!DOCTYPE html PUBLIC "-//W3C//DTD XHTML 1.0 Transitional//EN"
    "http://www.w3.org/TR/xhtml1/DTD/xhtml1-transitional.dtd">
<html xmlns="http://www.w3.org/1999/xhtml" xml:lang="en" lang="en">
 <head>
  <title>
</title>
<meta http-equiv="Content-Type" content="text/html;charset=utf-8" />
  <meta name='ocr-system' content='tesseract 3.04.00' />
  <meta name='ocr-capabilities' content='ocr_page ocr_carea ocr_par ocr_line ocrx_word'/>
</head>
<body>
  <div class='ocr_page' id='page_1' title='image "./caiipliniisecun03plingoog_0261.png"; bbox 0 0 2925 5009; ppageno 0'>
   <div class='ocr_carea' id='block_1_1' title="bbox 352 440 1154 526">
    <p class='ocr_par' dir='ltr' id='par_1_1' title="bbox 352 440 1154 526">
     <span class='ocr_line' id='line_1_1' title="bbox 352 440 1154 526; baseline -0.001 -16"><span class='ocrx_word' id='word_1_1' title='bbox 352 442 427 526; x_wconf 76' lang='lat' dir='ltr'><strong>adli</strong></span> <span class='ocrx_word' id='word_1_2' title='bbox 619 443 658 511; x_wconf 89' lang='lat' dir='ltr'><strong>C.</strong></span> <span class='ocrx_word' id='word_1_3' title='bbox 687 444 854 513; x_wconf 85' lang='lat' dir='ltr'><strong>PLlNll</strong></span> <span class='ocrx_word' id='word_1_4' title='bbox 881 440 996 511; x_wconf 74' lang='lat' dir='ltr'><strong>MT.</strong></span> <span class='ocrx_word' id='word_1_5' title='bbox 1024 442 1154 511; x_wconf 84' lang='lat' dir='ltr'><strong>HlST.</strong></span> 
     </span>
    </p>
   </div>
   <div class='ocr_carea' id='block_1_2' title="bbox 317 572 1396 1934">
    <p class='ocr_par' dir='ltr' id='par_1_2' title="bbox 317 572 1396 1411">
     <span class='ocr_line' id='line_1_2' title="bbox 317 572 1394 669; baseline -0.002 -26"><span class='ocrx_word' id='word_1_6' title='bbox 317 598 328 634; x_wconf 82' lang='grc' dir='ltr'>ι</span> <span class='ocrx_word' id='word_1_7' title='bbox 402 574 475 643; x_wconf 83' lang='lat' dir='ltr'><strong>Lx.</strong></span> <span class='ocrx_word' id='word_1_8' title='bbox 494 572 631 643; x_wconf 80' lang='lat' dir='ltr'><strong>Farina&#39;</strong></span> <span class='ocrx_word' id='word_1_9' title='bbox 653 575 688 642; x_wconf 93' lang='lat' dir='ltr'><strong>in</strong></span> <span class='ocrx_word' id='word_1_10' title='bbox 704 573 862 669; x_wconf 82' lang='lat' dir='ltr'>pollinem</span> <span class='ocrx_word' id='word_1_11' title='bbox 882 575 1036 662; x_wconf 88' lang='lat' dir='ltr'><strong>subacta,</strong></span> <span class='ocrx_word' id='word_1_12' title='bbox 1056 576 1125 643; x_wconf 86' lang='lat' dir='ltr'><strong>vim</strong></span> <span class='ocrx_word' id='word_1_13' title='bbox 1144 572 1332 643; x_wconf 82' lang='lat' dir='ltr'><strong>extrahendi</strong></span> <span class='ocrx_word' id='word_1_14' title='bbox 1344 573 1394 641; x_wconf 84' lang='lat' dir='ltr'><strong>ba·</strong></span> 
     </span>
     <span class='ocr_line' id='line_1_3' title="bbox 350 678 1394 773; baseline 0 -26"><span class='ocrx_word' id='word_1_15' title='bbox 350 680 450 748; x_wconf 81' lang='lat' dir='ltr'><strong>moris</strong></span> <span class='ocrx_word' id='word_1_16' title='bbox 468 679 590 748; x_wconf 88' lang='lat' dir='ltr'><strong>habet:</strong></span> <span class='ocrx_word' id='word_1_17' title='bbox 605 680 679 749; x_wconf 89' lang='lat' dir='ltr'><strong>ideo</strong></span> <span class='ocrx_word' id='word_1_18' title='bbox 693 694 727 749; x_wconf 87' lang='lat' dir='ltr'><strong>ct</strong></span> <span class='ocrx_word' id='word_1_19' title='bbox 743 705 864 751; x_wconf 88' lang='lat' dir='ltr'><strong>cruore</strong></span> <span class='ocrx_word' id='word_1_20' title='bbox 877 678 1030 751; x_wconf 73' lang='lat' dir='ltr'><strong>suibusis&#39;</strong></span> <span class='ocrx_word' id='word_1_21' title='bbox 1040 679 1201 750; x_wconf 76' lang='lat' dir='ltr'><strong>in&#39;fascias</strong></span> <span class='ocrx_word' id='word_1_22' title='bbox 1217 704 1320 773; x_wconf 80' lang='lat' dir='ltr'><strong>usque</strong></span> <span class='ocrx_word' id='word_1_23' title='bbox 1334 704 1394 747; x_wconf 83' lang='lat' dir='ltr'><strong>san·</strong></span> 
     </span>
     <span class='ocr_line' id='line_1_4' title="bbox 350 783 1394 882; baseline 0 -29"><span class='ocrx_word' id='word_1_24' title='bbox 350 784 483 879; x_wconf 82' lang='lat' dir='ltr'><strong>guinem</strong></span> <span class='ocrx_word' id='word_1_25' title='bbox 502 783 673 880; x_wconf 83' lang='lat' dir='ltr'>perducit:</span> <span class='ocrx_word' id='word_1_26' title='bbox 694 785 861 857; x_wconf 89' lang='lat' dir='ltr'><strong>efficacius</strong></span> <span class='ocrx_word' id='word_1_27' title='bbox 880 790 915 856; x_wconf 89' lang='lat' dir='ltr'><strong>in</strong></span> <span class='ocrx_word' id='word_1_28' title='bbox 933 810 1022 882; x_wconf 88' lang='lat' dir='ltr'><strong>sapa.</strong></span> <span class='ocrx_word' id='word_1_29' title='bbox 1039 786 1224 881; x_wconf 76' lang='lat' dir='ltr'><strong>imponitur</strong></span> <span class='ocrx_word' id='word_1_30' title='bbox 1242 799 1278 854; x_wconf 86' lang='lat' dir='ltr'><strong>et</strong></span> <span class='ocrx_word' id='word_1_31' title='bbox 1292 784 1394 880; x_wconf 76' lang='lat' dir='ltr'><strong>pedu·</strong></span> 
     </span>
     <span class='ocr_line' id='line_1_5' title="bbox 351 876 1395 987; baseline 0 -28"><span class='ocrx_word' id='word_1_32' title='bbox 351 876 465 977; x_wconf 77' lang='lat' dir='ltr'><strong>callo³,</strong></span> <span class='ocrx_word' id='word_1_33' title='bbox 485 890 662 986; x_wconf 88' lang='lat' dir='ltr'><strong>clavisque.</strong></span> <span class='ocrx_word' id='word_1_34' title='bbox 690 894 778 961; x_wconf 87' lang='lat' dir='ltr'><strong>Nam</strong></span> <span class='ocrx_word' id='word_1_35' title='bbox 802 916 879 963; x_wconf 86' lang='lat' dir='ltr'><strong>cunr</strong></span> <span class='ocrx_word' id='word_1_36' title='bbox 904 892 980 962; x_wconf 92' lang='lat' dir='ltr'><strong>oleo</strong></span> <span class='ocrx_word' id='word_1_37' title='bbox 995 906 1108 961; x_wconf 79' lang='lat' dir='ltr'><strong>vetere</strong></span> <span class='ocrx_word' id='word_1_38' title='bbox 1124 916 1165 961; x_wconf 88' lang='lat' dir='ltr'><strong>ac</strong></span> <span class='ocrx_word' id='word_1_39' title='bbox 1188 893 1263 987; x_wconf 85' lang='lat' dir='ltr'><strong>pice</strong></span> <span class='ocrx_word' id='word_1_40' title='bbox 1278 892 1395 960; x_wconf 76' lang='lat' dir='ltr'><strong>decouo</strong></span> 
     </span>
     <span class='ocr_line' id='line_1_6' title="bbox 351 994 1395 1093; baseline -0.002 -28"><span class='ocrx_word' id='word_1_41' title='bbox 351 994 494 1091; x_wconf 86' lang='lat' dir='ltr'>polline,</span> <span class='ocrx_word' id='word_1_42' title='bbox 519 996 766 1093; x_wconf 77' lang='lat' dir='ltr'><strong>condylomata,</strong></span> <span class='ocrx_word' id='word_1_43' title='bbox 787 1014 822 1069; x_wconf 88' lang='lat' dir='ltr'><strong>et</strong></span> <span class='ocrx_word' id='word_1_44' title='bbox 845 999 908 1069; x_wconf 92' lang='lat' dir='ltr'><strong>alia</strong></span> <span class='ocrx_word' id='word_1_45' title='bbox 933 1001 1046 1069; x_wconf 88' lang='lat' dir='ltr'><strong>omnia</strong></span> <span class='ocrx_word' id='word_1_46' title='bbox 1073 998 1161 1068; x_wconf 86' lang='lat' dir='ltr'><strong>sedis</strong></span> <span class='ocrx_word' id='word_1_47' title='bbox 1188 999 1286 1083; x_wconf 78' lang='lat' dir='ltr'><strong>sitia,</strong></span> <span class='ocrx_word' id='word_1_48' title='bbox 1312 1015 1395 1090; x_wconf 88' lang='lat' dir='ltr'><strong>quan</strong></span> 
     </span>
     <span class='ocr_line' id='line_1_7' title="bbox 351 1099 1395 1195; baseline 0 -24"><span class='ocrx_word' id='word_1_49' title='bbox 351 1099 493 1173; x_wconf 83' lang='lat' dir='ltr'><strong>maxime</strong></span> <span class='ocrx_word' id='word_1_50' title='bbox 508 1102 615 1173; x_wconf 84' lang='lat' dir='ltr'><strong>calido</strong></span> <span class='ocrx_word' id='word_1_51' title='bbox 624 1102 808 1174; x_wconf 87' lang='lat' dir='ltr'><strong>mirabilem</strong></span> <span class='ocrx_word' id='word_1_52' title='bbox 818 1106 851 1174; x_wconf 90' lang='lat' dir='ltr'><strong>in</strong></span> <span class='ocrx_word' id='word_1_53' title='bbox 861 1104 999 1175; x_wconf 88' lang='lat' dir='ltr'><strong>modum</strong></span> <span class='ocrx_word' id='word_1_54' title='bbox 1013 1120 1183 1175; x_wconf 80' lang='lat' dir='ltr'><strong>curantur.</strong></span> <span class='ocrx_word' id='word_1_55' title='bbox 1194 1103 1395 1195; x_wconf 82' lang='lat' dir='ltr'><strong>Pultecorpus</strong></span> 
     </span>
     <span class='ocr_line' id='line_1_8' title="bbox 351 1197 1396 1307; baseline -0.002 -30"><span class='ocrx_word' id='word_1_56' title='bbox 351 1222 500 1302; x_wconf 84' lang='lat' dir='ltr'><strong>augetur.</strong></span> <span class='ocrx_word' id='word_1_57' title='bbox 520 1210 640 1279; x_wconf 86' lang='lat' dir='ltr'><strong>Farina</strong></span> <span class='ocrx_word' id='word_1_58' title='bbox 648 1197 672 1292; x_wconf 86' lang='lat'><strong>⁴,</strong></span> <span class='ocrx_word' id='word_1_59' title='bbox 690 1234 756 1303; x_wconf 90' lang='lat' dir='ltr'><strong>qua</strong></span> <span class='ocrx_word' id='word_1_60' title='bbox 770 1210 895 1282; x_wconf 74' lang='lat' dir='ltr'><strong>chartae</strong></span> <span class='ocrx_word' id='word_1_61' title='bbox 908 1211 1131 1307; x_wconf 81' lang='lat' dir='ltr'><strong>glutinantur,</strong></span> <span class='ocrx_word' id='word_1_62' title='bbox 1155 1211 1340 1304; x_wconf 81' lang='lat' dir='ltr'><strong>sanguinem</strong></span> <span class='ocrx_word' id='word_1_63' title='bbox 1355 1230 1396 1275; x_wconf 85' lang='lat' dir='ltr'><strong>es·</strong></span> 
     </span>
     <span class='ocr_line' id='line_1_9' title="bbox 352 1305 1183 1411; baseline -0.001 -27"><span class='ocrx_word' id='word_1_64' title='bbox 352 1314 556 1384; x_wconf 68' lang='lat' dir='ltr'><strong>screantibus</strong></span> <span class='ocrx_word' id='word_1_65' title='bbox 570 1314 668 1385; x_wconf 89' lang='lat' dir='ltr'><strong>datur</strong></span> <span class='ocrx_word' id='word_1_66' title='bbox 686 1315 797 1411; x_wconf 88' lang='lat' dir='ltr'><strong>tepida</strong></span> <span class='ocrx_word' id='word_1_67' title='bbox 814 1318 980 1387; x_wconf 85' lang='lat' dir='ltr'><strong>sorbenda</strong></span> <span class='ocrx_word' id='word_1_68' title='bbox 992 1305 1183 1387; x_wconf 84' lang='lat' dir='ltr'><strong>efficaciter.</strong></span> 
     </span>
    </p>

    <p class='ocr_par' dir='ltr' id='par_1_3' title="bbox 321 1419 1396 1934">
     <span class='ocr_line' id='line_1_10' title="bbox 321 1419 1394 1517; baseline -0.004 -27"><span class='ocrx_word' id='word_1_69' title='bbox 321 1447 332 1483; x_wconf 87' lang='grc' dir='ltr'><strong>ι</strong></span> <span class='ocrx_word' id='word_1_70' title='bbox 406 1421 497 1490; x_wconf 83' lang='lat' dir='ltr'><strong>Lxl.</strong></span> <span class='ocrx_word' id='word_1_71' title='bbox 512 1419 603 1490; x_wconf 80' lang='lat' dir='ltr'><strong>Alica</strong></span> <span class='ocrx_word' id='word_1_72' title='bbox 622 1446 675 1491; x_wconf 87' lang='lat' dir='ltr'><strong>res</strong></span> <span class='ocrx_word' id='word_1_73' title='bbox 693 1446 831 1492; x_wconf 88' lang='lat' dir='ltr'><strong>rcrnana</strong></span> <span class='ocrx_word' id='word_1_74' title='bbox 851 1438 918 1506; x_wconf 82' lang='lat' dir='ltr'><strong>est,</strong></span> <span class='ocrx_word' id='word_1_75' title='bbox 934 1436 968 1493; x_wconf 92' lang='lat' dir='ltr'><strong>et</strong></span> <span class='ocrx_word' id='word_1_76' title='bbox 982 1447 1051 1492; x_wconf 92' lang='lat' dir='ltr'><strong>non</strong></span> <span class='ocrx_word' id='word_1_77' title='bbox 1071 1422 1200 1517; x_wconf 83' lang='lat' dir='ltr'><strong>pridem</strong></span> <span class='ocrx_word' id='word_1_78' title='bbox 1217 1420 1394 1513; x_wconf 81' lang='lat' dir='ltr'><strong>excogitata:</strong></span> 
     </span>
     <span class='ocr_line' id='line_1_11' title="bbox 353 1523 1396 1623; baseline -0.003 -29"><span class='ocrx_word' id='word_1_79' title='bbox 353 1523 473 1620; x_wconf 87' lang='lat' dir='ltr'><strong>alioqui</strong></span> <span class='ocrx_word' id='word_1_80' title='bbox 487 1551 554 1596; x_wconf 92' lang='lat' dir='ltr'><strong>non</strong></span> <span class='ocrx_word' id='word_1_81' title='bbox 565 1526 717 1621; x_wconf 80' lang='lat' dir='ltr'><strong>ptisanae¹</strong></span> <span class='ocrx_word' id='word_1_82' title='bbox 735 1530 845 1623; x_wconf 85' lang='lat' dir='ltr'><strong>potius</strong></span> <span class='ocrx_word' id='word_1_83' title='bbox 856 1528 971 1599; x_wconf 86' lang='lat' dir='ltr'><strong>laudes</strong></span> <span class='ocrx_word' id='word_1_84' title='bbox 981 1529 1188 1623; x_wconf 81' lang='lat' dir='ltr'><strong>scripsissent</strong></span> <span class='ocrx_word' id='word_1_85' title='bbox 1200 1527 1314 1597; x_wconf 68' lang='lat' dir='ltr'><strong>Greci.</strong></span> <span class='ocrx_word' id='word_1_86' title='bbox 1326 1524 1396 1591; x_wconf 78' lang='lat' dir='ltr'><strong>lion</strong></span> 
     </span>
     <span class='ocr_line' id='line_1_12' title="bbox 351 1629 1396 1729; baseline -0.003 -29"><span class='ocrx_word' id='word_1_87' title='bbox 351 1631 431 1701; x_wconf 81' lang='lat' dir='ltr'><strong>duna</strong></span> <span class='ocrx_word' id='word_1_88' title='bbox 440 1632 586 1703; x_wconf 88' lang='lat' dir='ltr'><strong>arbitror</strong></span> <span class='ocrx_word' id='word_1_89' title='bbox 595 1634 744 1729; x_wconf 87' lang='lat' dir='ltr'><strong>Pompeii</strong></span> <span class='ocrx_word' id='word_1_90' title='bbox 754 1636 870 1729; x_wconf 81' lang='lat' dir='ltr'><strong>Magni</strong></span> <span class='ocrx_word' id='word_1_91' title='bbox 886 1650 983 1705; x_wconf 80' lang='lat' dir='ltr'><strong>aetate</strong></span> <span class='ocrx_word' id='word_1_92' title='bbox 993 1636 1029 1704; x_wconf 86' lang='lat' dir='ltr'><strong>in</strong></span> <span class='ocrx_word' id='word_1_93' title='bbox 1043 1659 1104 1704; x_wconf 91' lang='lat' dir='ltr'><strong>usu</strong></span> <span class='ocrx_word' id='word_1_94' title='bbox 1114 1633 1227 1719; x_wconf 72' lang='lat' dir='ltr'><strong>fluisse,</strong></span> <span class='ocrx_word' id='word_1_95' title='bbox 1236 1647 1270 1701; x_wconf 90' lang='lat' dir='ltr'><strong>et</strong></span> <span class='ocrx_word' id='word_1_96' title='bbox 1279 1629 1396 1701; x_wconf 84' lang='lat' dir='ltr'><strong>idcosis</strong></span> 
     </span>
     <span class='ocr_line' id='line_1_13' title="bbox 350 1734 1395 1835; baseline -0.003 -29"><span class='ocrx_word' id='word_1_97' title='bbox 350 1737 531 1833; x_wconf 88' lang='lat' dir='ltr'><strong>quidquam</strong></span> <span class='ocrx_word' id='word_1_98' title='bbox 549 1738 590 1807; x_wconf 89' lang='lat' dir='ltr'><strong>de</strong></span> <span class='ocrx_word' id='word_1_99' title='bbox 606 1764 644 1808; x_wconf 91' lang='lat' dir='ltr'><strong>ea</strong></span> <span class='ocrx_word' id='word_1_100' title='bbox 658 1742 819 1835; x_wconf 86' lang='lat' dir='ltr'><strong>scripturn</strong></span> <span class='ocrx_word' id='word_1_101' title='bbox 833 1741 876 1810; x_wconf 88' lang='lat' dir='ltr'><strong>ab</strong></span> <span class='ocrx_word' id='word_1_102' title='bbox 887 1740 1089 1835; x_wconf 82' lang='lat' dir='ltr'><strong>Asclepiadis</strong></span> <span class='ocrx_word' id='word_1_103' title='bbox 1100 1737 1226 1809; x_wconf 87' lang='lat' dir='ltr'><strong>schola&#39;.</strong></span> <span class='ocrx_word' id='word_1_104' title='bbox 1238 1734 1328 1807; x_wconf 79' lang='lat' dir='ltr'><strong>Fsse&#39;</strong></span> <span class='ocrx_word' id='word_1_105' title='bbox 1338 1734 1395 1829; x_wconf 87' lang='lat' dir='ltr'><strong>qui·</strong></span> 
     </span>
     <span class='ocr_line' id='line_1_14' title="bbox 350 1828 1395 1934; baseline -0.001 -22"><span class='ocrx_word' id='word_1_106' title='bbox 350 1842 426 1913; x_wconf 85' lang='lat' dir='ltr'><strong>dem</strong></span> <span class='ocrx_word' id='word_1_107' title='bbox 438 1845 555 1914; x_wconf 79' lang='lat' dir='ltr'><strong>eximie</strong></span> <span class='ocrx_word' id='word_1_108' title='bbox 571 1844 684 1915; x_wconf 87' lang='lat' dir='ltr'><strong>utilem</strong></span> <span class='ocrx_word' id='word_1_109' title='bbox 700 1870 799 1916; x_wconf 90' lang='lat' dir='ltr'><strong>nemo</strong></span> <span class='ocrx_word' id='word_1_110' title='bbox 812 1845 959 1934; x_wconf 87' lang='lat' dir='ltr'><strong>dubitat,</strong></span> <span class='ocrx_word' id='word_1_111' title='bbox 971 1847 1041 1916; x_wconf 89' lang='lat' dir='ltr'><strong>sive</strong></span> <span class='ocrx_word' id='word_1_112' title='bbox 1049 1844 1139 1914; x_wconf 91' lang='lat' dir='ltr'><strong>eluta</strong></span> <span class='ocrx_word' id='word_1_113' title='bbox 1152 1828 1268 1913; x_wconf 79' lang='lat' dir='ltr'><strong>detur³</strong></span> <span class='ocrx_word' id='word_1_114' title='bbox 1280 1862 1395 1933; x_wconf 79' lang='lat' dir='ltr'><strong>exaqut</strong></span> 
     </span>
    </p>
   </div>
   <div class='ocr_carea' id='block_1_3' title="bbox 159 1995 1395 4141">
    <p class='ocr_par' dir='ltr' id='par_1_4' title="bbox 390 1995 1394 2073">
     <span class='ocr_line' id='line_1_15' title="bbox 390 1995 1394 2073; baseline 0 -21"><span class='ocrx_word' id='word_1_115' title='bbox 390 2000 448 2053; x_wconf 81' lang='lat' dir='ltr'><strong>LX.</strong></span> <span class='ocrx_word' id='word_1_116' title='bbox 472 2018 497 2053; x_wconf 89' lang='grc' dir='ltr'><strong>ι.</strong></span> <span class='ocrx_word' id='word_1_117' title='bbox 519 2001 621 2054; x_wconf 77' lang='lat' dir='ltr'><strong>Farina.</strong></span> <span class='ocrx_word' id='word_1_118' title='bbox 652 2002 743 2055; x_wconf 82' lang='lat' dir='ltr'><strong>Pollen</strong></span> <span class='ocrx_word' id='word_1_119' title='bbox 771 2003 864 2057; x_wconf 74' lang='lat' dir='ltr'><strong>farine</strong></span> <span class='ocrx_word' id='word_1_120' title='bbox 907 2004 963 2065; x_wconf 75' lang='lat' dir='ltr'><strong>robe</strong></span> <span class='ocrx_word' id='word_1_121' title='bbox 977 1995 1148 2073; x_wconf 65' lang='lat' dir='ltr'><strong>irrerepsisset</strong></span> <span class='ocrx_word' id='word_1_122' title='bbox 1155 1996 1394 2071; x_wconf 53' lang='lat' dir='ltr'><strong>umero-tta·</strong></span> 
     </span>
    </p>

    <p class='ocr_par' dir='ltr' id='par_1_5' title="bbox 159 2076 1395 4141">
     <span class='ocr_line' id='line_1_16' title="bbox 159 2076 1395 2154; baseline 0.001 -22"><span class='ocrx_word' id='word_1_123' title='bbox 159 2076 168 2091; x_wconf 88' lang='lat'>&#39;</span> <span class='ocrx_word' id='word_1_124' title='bbox 233 2105 244 2119; x_wconf 89' lang='lat'>·</span> <span class='ocrx_word' id='word_1_125' title='bbox 351 2079 463 2132; x_wconf 85' lang='lat' dir='ltr'><strong>bumore</strong></span> <span class='ocrx_word' id='word_1_126' title='bbox 476 2080 600 2134; x_wconf 84' lang='lat' dir='ltr'><strong>subactus</strong></span> <span class='ocrx_word' id='word_1_127' title='bbox 616 2082 704 2135; x_wconf 84' lang='lat' dir='ltr'><strong>Diose.</strong></span> <span class='ocrx_word' id='word_1_128' title='bbox 725 2082 862 2147; x_wconf 71' lang='lat'><strong>11,107:</strong></span> <span class='ocrx_word' id='word_1_129' title='bbox 906 2082 954 2154; x_wconf 90' lang='lat' dir='ltr'><strong>qui</strong></span> <span class='ocrx_word' id='word_1_130' title='bbox 966 2082 1061 2135; x_wconf 83' lang='lat' dir='ltr'><strong>alicam</strong></span> <span class='ocrx_word' id='word_1_131' title='bbox 1075 2081 1247 2153; x_wconf 79' lang='lat' dir='ltr'><strong>Hippocratis</strong></span> <span class='ocrx_word' id='word_1_132' title='bbox 1257 2076 1395 2150; x_wconf 62' lang='lat' dir='ltr'><strong>temporib!</strong></span> 
     </span>
     <span class='ocr_line' id='line_1_17' title="bbox 350 2149 1394 2232; baseline -0.003 -20"><span class='ocrx_word' id='word_1_133' title='bbox 350 2149 412 2213; x_wconf 74' lang='lat' dir='ltr'><strong>litt</strong></span> <span class='ocrx_word' id='word_1_134' title='bbox 426 2160 454 2212; x_wconf 81' lang='lat' dir='ltr'><strong>irs</strong></span> <span class='ocrx_word' id='word_1_135' title='bbox 465 2167 513 2212; x_wconf 71' lang='grc' dir='ltr'><strong>τῶν</strong></span> <span class='ocrx_word' id='word_1_136' title='bbox 524 2161 628 2230; x_wconf 71' lang='lat' dir='ltr'><strong>strupo</strong></span> <span class='ocrx_word' id='word_1_137' title='bbox 641 2162 703 2228; x_wconf 76' lang='grc' dir='ltr'><strong>ζύμη</strong></span> <span class='ocrx_word' id='word_1_138' title='bbox 715 2162 863 2232; x_wconf 63' lang='lat' dir='ltr'><strong>appeunt</strong></span> <span class='ocrx_word' id='word_1_139' title='bbox 907 2161 1028 2215; x_wconf 85' lang='lat' dir='ltr'><strong>nondum</strong></span> <span class='ocrx_word' id='word_1_140' title='bbox 1044 2161 1124 2214; x_wconf 79' lang='lat' dir='ltr'><strong>fuisse</strong></span> <span class='ocrx_word' id='word_1_141' title='bbox 1141 2161 1303 2223; x_wconf 79' lang='lat' dir='ltr'><strong>existiment,</strong></span> <span class='ocrx_word' id='word_1_142' title='bbox 1320 2168 1394 2208; x_wconf 71' lang='lat' dir='ltr'><strong>earu</strong></span> 
     </span>
     <span class='ocr_line' id='line_1_18' title="bbox 350 2232 1395 2311; baseline 0 -20"><span class='ocrx_word' id='word_1_143' title='bbox 350 2232 412 2291; x_wconf 78' lang='grc' dir='ltr'>οὖσα</span> <span class='ocrx_word' id='word_1_144' title='bbox 427 2238 469 2291; x_wconf 74' lang='lat' dir='ltr'><strong>esi</strong></span> <span class='ocrx_word' id='word_1_145' title='bbox 482 2240 653 2305; x_wconf 69' lang='lat' dir='ltr'><strong>durescens-lt,</strong></span> <span class='ocrx_word' id='word_1_146' title='bbox 667 2250 718 2293; x_wconf 91' lang='lat' dir='ltr'><strong>etc.</strong></span> <span class='ocrx_word' id='word_1_147' title='bbox 730 2238 823 2293; x_wconf 70' lang='lat' dir='ltr'><strong>ilcan.</strong></span> <span class='ocrx_word' id='word_1_148' title='bbox 906 2241 1038 2295; x_wconf 79' lang='lat' dir='ltr'><strong>inscitiam</strong></span> <span class='ocrx_word' id='word_1_149' title='bbox 1056 2258 1165 2311; x_wconf 68' lang='lat' dir='ltr'><strong>agnes,</strong></span> <span class='ocrx_word' id='word_1_150' title='bbox 1183 2251 1242 2292; x_wconf 84' lang='lat' dir='ltr'><strong>tuns</strong></span> <span class='ocrx_word' id='word_1_151' title='bbox 1262 2256 1294 2291; x_wconf 80' lang='lat' dir='ltr'><strong>ex</strong></span> <span class='ocrx_word' id='word_1_152' title='bbox 1310 2234 1395 2307; x_wconf 65' lang='lat' dir='ltr'><strong>quit*</strong></span> 
     </span>
     <span class='ocr_line' id='line_1_19' title="bbox 393 2309 1395 2387; baseline -0.001 -16"><span class='ocrx_word' id='word_1_153' title='bbox 393 2338 419 2371; x_wconf 84' lang='lat' dir='ltr'><strong>s.</strong></span> <span class='ocrx_word' id='word_1_154' title='bbox 433 2318 493 2371; x_wconf 79' lang='lat' dir='ltr'><strong>Ideo</strong></span> <span class='ocrx_word' id='word_1_155' title='bbox 503 2330 528 2371; x_wconf 89' lang='lat' dir='ltr'><strong>et</strong></span> <span class='ocrx_word' id='word_1_156' title='bbox 541 2338 625 2372; x_wconf 78' lang='lat' dir='ltr'><strong>eruore</strong></span> <span class='ocrx_word' id='word_1_157' title='bbox 635 2321 744 2387; x_wconf 78' lang='lat' dir='ltr'><strong>suffusis.</strong></span> <span class='ocrx_word' id='word_1_158' title='bbox 758 2319 826 2375; x_wconf 87' lang='lat' dir='ltr'><strong>ldeo</strong></span> <span class='ocrx_word' id='word_1_159' title='bbox 838 2332 865 2374; x_wconf 89' lang='lat' dir='ltr'><strong>et</strong></span> <span class='ocrx_word' id='word_1_160' title='bbox 906 2318 968 2373; x_wconf 79' lang='lat' dir='ltr'><strong>dans</strong></span> <span class='ocrx_word' id='word_1_161' title='bbox 980 2320 1097 2374; x_wconf 83' lang='lat' dir='ltr'><strong>Conaieis</strong></span> <span class='ocrx_word' id='word_1_162' title='bbox 1110 2318 1295 2372; x_wconf 70' lang='lat' dir='ltr'><strong>vmsuorbns</strong></span> <span class='ocrx_word' id='word_1_163' title='bbox 1307 2314 1347 2386; x_wconf 82' lang='lat' dir='ltr'><strong>qui</strong></span> <span class='ocrx_word' id='word_1_164' title='bbox 1357 2309 1395 2363; x_wconf 64' lang='lat' dir='ltr'><strong>ill·</strong></span> 
     </span>
     <span class='ocr_line' id='line_1_20' title="bbox 350 2390 1394 2469; baseline -0.006 -18"><span class='ocrx_word' id='word_1_165' title='bbox 350 2397 384 2451; x_wconf 82' lang='lat' dir='ltr'><strong>iis</strong></span> <span class='ocrx_word' id='word_1_166' title='bbox 405 2398 454 2468; x_wconf 87' lang='lat' dir='ltr'><strong>qni</strong></span> <span class='ocrx_word' id='word_1_167' title='bbox 472 2410 560 2469; x_wconf 83' lang='lat' dir='ltr'><strong>partes</strong></span> <span class='ocrx_word' id='word_1_168' title='bbox 583 2396 679 2453; x_wconf 79' lang='lat' dir='ltr'><strong>lividas</strong></span> <span class='ocrx_word' id='word_1_169' title='bbox 702 2400 803 2453; x_wconf 85' lang='lat' dir='ltr'><strong>babent</strong></span> <span class='ocrx_word' id='word_1_170' title='bbox 827 2400 864 2452; x_wconf 89' lang='lat' dir='ltr'><strong>ob</strong></span> <span class='ocrx_word' id='word_1_171' title='bbox 907 2414 946 2452; x_wconf 76' lang='lat' dir='ltr'><strong>cst</strong></span> <span class='ocrx_word' id='word_1_172' title='bbox 961 2400 1124 2462; x_wconf 80' lang='lat' dir='ltr'><strong>meminere,</strong></span> <span class='ocrx_word' id='word_1_173' title='bbox 1144 2410 1201 2451; x_wconf 87' lang='lat' dir='ltr'><strong>turn</strong></span> <span class='ocrx_word' id='word_1_174' title='bbox 1218 2398 1334 2450; x_wconf 82' lang='lat' dir='ltr'><strong>etismes</strong></span> <span class='ocrx_word' id='word_1_175' title='bbox 1346 2390 1394 2459; x_wconf 68' lang='lat' dir='ltr'><strong>llip</strong></span> 
     </span>
     <span class='ocr_line' id='line_1_21' title="bbox 350 2469 1395 2551; baseline -0.003 -22"><span class='ocrx_word' id='word_1_176' title='bbox 350 2494 474 2530; x_wconf 77' lang='lat' dir='ltr'><strong>umorem</strong></span> <span class='ocrx_word' id='word_1_177' title='bbox 494 2478 644 2547; x_wconf 68' lang='lat' dir='ltr'><strong>suffusum,</strong></span> <span class='ocrx_word' id='word_1_178' title='bbox 662 2478 816 2550; x_wconf 67' lang='lat' dir='ltr'><strong>sauguinem</strong></span> <span class='ocrx_word' id='word_1_179' title='bbox 833 2496 864 2533; x_wconf 82' lang='lat' dir='ltr'><strong>ea</strong></span> <span class='ocrx_word' id='word_1_180' title='bbox 907 2494 1016 2548; x_wconf 85' lang='lat' dir='ltr'><strong>pocrste</strong></span> <span class='ocrx_word' id='word_1_181' title='bbox 1026 2480 1101 2551; x_wconf 88' lang='lat' dir='ltr'><strong>ipso,</strong></span> <span class='ocrx_word' id='word_1_182' title='bbox 1115 2478 1163 2550; x_wconf 87' lang='lat' dir='ltr'><strong>qui</strong></span> <span class='ocrx_word' id='word_1_183' title='bbox 1179 2478 1210 2530; x_wconf 90' lang='lat' dir='ltr'><strong>in</strong></span> <span class='ocrx_word' id='word_1_184' title='bbox 1220 2477 1287 2529; x_wconf 82' lang='lat' dir='ltr'><strong>libro</strong></span> <span class='ocrx_word' id='word_1_185' title='bbox 1299 2472 1331 2526; x_wconf 90' lang='lat' dir='ltr'><strong>de</strong></span> <span class='ocrx_word' id='word_1_186' title='bbox 1343 2469 1395 2523; x_wconf 77' lang='lat' dir='ltr'><strong>sals·</strong></span> 
     </span>
     <span class='ocr_line' id='line_1_22' title="bbox 350 2548 1393 2630; baseline 0 -21"><span class='ocrx_word' id='word_1_187' title='bbox 350 2556 435 2609; x_wconf 79' lang='lat' dir='ltr'><strong>larius</strong></span> <span class='ocrx_word' id='word_1_188' title='bbox 447 2556 486 2609; x_wconf 91' lang='lat' dir='ltr'><strong>sic</strong></span> <span class='ocrx_word' id='word_1_189' title='bbox 499 2558 629 2623; x_wconf 83' lang='lat' dir='ltr'><strong>extrahit,</strong></span> <span class='ocrx_word' id='word_1_190' title='bbox 645 2569 675 2611; x_wconf 92' lang='lat' dir='ltr'><strong>ut</strong></span> <span class='ocrx_word' id='word_1_191' title='bbox 692 2557 784 2611; x_wconf 83' lang='lat' dir='ltr'><strong>fascias</strong></span> <span class='ocrx_word' id='word_1_192' title='bbox 795 2560 865 2630; x_wconf 85' lang='lat' dir='ltr'><strong>ipsas</strong></span> <span class='ocrx_word' id='word_1_193' title='bbox 907 2558 950 2611; x_wconf 86' lang='lat' dir='ltr'><strong>bri</strong></span> <span class='ocrx_word' id='word_1_194' title='bbox 969 2560 1043 2612; x_wconf 79' lang='lat' dir='ltr'><strong>sieta</strong></span> <span class='ocrx_word' id='word_1_195' title='bbox 1066 2558 1141 2612; x_wconf 74' lang='lat' dir='ltr'><strong>elice</strong></span> <span class='ocrx_word' id='word_1_196' title='bbox 1162 2556 1317 2610; x_wconf 80' lang='lat' dir='ltr'><strong>mentionem</strong></span> <span class='ocrx_word' id='word_1_197' title='bbox 1333 2548 1393 2609; x_wconf 74' lang='lat' dir='ltr'><strong>terit,</strong></span> 
     </span>
     <span class='ocr_line' id='line_1_23' title="bbox 351 2629 1394 2707; baseline -0.001 -19"><span class='ocrx_word' id='word_1_198' title='bbox 351 2636 451 2706; x_wconf 70' lang='lat' dir='ltr'><strong>tinget,</strong></span> <span class='ocrx_word' id='word_1_199' title='bbox 469 2636 567 2707; x_wconf 87' lang='lat' dir='ltr'><strong>quibus</strong></span> <span class='ocrx_word' id='word_1_200' title='bbox 580 2636 636 2707; x_wconf 84' lang='lat' dir='ltr'><strong>ipsa</strong></span> <span class='ocrx_word' id='word_1_201' title='bbox 655 2637 810 2690; x_wconf 82' lang='lat' dir='ltr'><strong>involvitur.</strong></span> <span class='ocrx_word' id='word_1_202' title='bbox 828 2638 864 2693; x_wconf 81' lang='grc' dir='ltr'><strong>Η.</strong></span> <span class='ocrx_word' id='word_1_203' title='bbox 907 2650 960 2691; x_wconf 89' lang='lat' dir='ltr'><strong>etc.</strong></span> <span class='ocrx_word' id='word_1_204' title='bbox 973 2629 1394 2704; x_wconf 68' lang='lat' dir='ltr'><strong>,Quinotiudeaffecrimitu</strong></span> 
     </span>
     <span class='ocr_line' id='line_1_24' title="bbox 393 2707 1395 2787; baseline 0 -20"><span class='ocrx_word' id='word_1_205' title='bbox 393 2714 765 2787; x_wconf 77' lang='lat' dir='ltr'><strong>3.1rsporaituretpedssrscallo</strong></span> <span class='ocrx_word' id='word_1_206' title='bbox 775 2715 864 2770; x_wconf 85' lang='lat' dir='ltr'><strong>Diosc.</strong></span> <span class='ocrx_word' id='word_1_207' title='bbox 907 2718 964 2787; x_wconf 76' lang='lat' dir='ltr'><strong>sepi</strong></span> <span class='ocrx_word' id='word_1_208' title='bbox 972 2723 1057 2771; x_wconf 72' lang='grc' dir='ltr'>ποθὸν</span> <span class='ocrx_word' id='word_1_209' title='bbox 1064 2758 1072 2782; x_wconf 88' lang='grc'><strong><em>,</em></strong></span> <span class='ocrx_word' id='word_1_210' title='bbox 1082 2727 1149 2770; x_wconf 84' lang='lat' dir='ltr'><strong>text.</strong></span> <span class='ocrx_word' id='word_1_211' title='bbox 1160 2716 1207 2785; x_wconf 76' lang='lat'><strong>³9,</strong></span> <span class='ocrx_word' id='word_1_212' title='bbox 1215 2707 1395 2768; x_wconf 60' lang='lat' dir='ltr'><strong>strumbeca</strong></span> 
     </span>
     <span class='ocr_line' id='line_1_25' title="bbox 351 2788 1392 2868; baseline -0.002 -21"><span class='ocrx_word' id='word_1_213' title='bbox 351 2796 397 2858; x_wconf 86' lang='lat' dir='ltr'><strong>lt,</strong></span> <span class='ocrx_word' id='word_1_214' title='bbox 417 2812 470 2864; x_wconf 88' lang='lat'><strong>¹⁰7</strong></span> <span class='ocrx_word' id='word_1_215' title='bbox 491 2811 498 2847; x_wconf 75' lang='grc' dir='ltr'><em>τ</em></span> <span class='ocrx_word' id='word_1_216' title='bbox 515 2794 556 2848; x_wconf 74' lang='grc' dir='ltr'><strong>Τὰ</strong></span> <span class='ocrx_word' id='word_1_217' title='bbox 576 2797 600 2848; x_wconf 80' lang='lat' dir='ltr'><strong>is</strong></span> <span class='ocrx_word' id='word_1_218' title='bbox 620 2798 731 2866; x_wconf 74' lang='grc' dir='ltr'><strong>πίλμαοι</strong></span> <span class='ocrx_word' id='word_1_219' title='bbox 751 2799 865 2850; x_wconf 68' lang='lat' dir='ltr'><strong>lsssdset</strong></span> <span class='ocrx_word' id='word_1_220' title='bbox 908 2815 989 2868; x_wconf 79' lang='lat' dir='ltr'><strong>quana</strong></span> <span class='ocrx_word' id='word_1_221' title='bbox 1003 2798 1107 2868; x_wconf 78' lang='lat' dir='ltr'><strong>ptisana</strong></span> <span class='ocrx_word' id='word_1_222' title='bbox 1125 2794 1281 2865; x_wconf 78' lang='lat' dir='ltr'><strong>miliumque</strong></span> <span class='ocrx_word' id='word_1_223' title='bbox 1297 2788 1392 2845; x_wconf 60' lang='lat' dir='ltr'><strong>didm*</strong></span> 
     </span>
     <span class='ocr_line' id='line_1_26' title="bbox 352 2872 1394 2947; baseline -0.001 -20"><span class='ocrx_word' id='word_1_224' title='bbox 352 2872 515 2927; x_wconf 65' lang='lat' dir='ltr'><strong>austun</strong></span> <span class='ocrx_word' id='word_1_225' title='bbox 528 2876 640 2945; x_wconf 72' lang='grc' dir='ltr'><strong>φύματα,</strong></span> <span class='ocrx_word' id='word_1_226' title='bbox 654 2886 705 2928; x_wconf 92' lang='lat' dir='ltr'><strong>etc.</strong></span> <span class='ocrx_word' id='word_1_227' title='bbox 719 2873 812 2928; x_wconf 81' lang='lat' dir='ltr'><strong>llssn.</strong></span> <span class='ocrx_word' id='word_1_228' title='bbox 908 2872 1010 2947; x_wconf 77' lang='grc' dir='ltr'>χόνδρον</span> <span class='ocrx_word' id='word_1_229' title='bbox 1032 2872 1073 2940; x_wconf 80' lang='lat' dir='ltr'><strong>tt,</strong></span> <span class='ocrx_word' id='word_1_230' title='bbox 1089 2879 1122 2937; x_wconf 73' lang='lat' dir='ltr'><strong>be</strong></span> <span class='ocrx_word' id='word_1_231' title='bbox 1143 2876 1289 2947; x_wconf 73' lang='grc' dir='ltr'><strong>[οχομότνρον</strong></span> <span class='ocrx_word' id='word_1_232' title='bbox 1307 2874 1394 2923; x_wconf 65' lang='lat' dir='ltr'><strong>sirm</strong></span> 
     </span>
     <span class='ocr_line' id='line_1_27' title="bbox 393 2951 1394 3023; baseline 0.002 -18"><span class='ocrx_word' id='word_1_233' title='bbox 393 2960 421 3016; x_wconf 71' lang='lat'><strong>4.</strong></span> <span class='ocrx_word' id='word_1_234' title='bbox 441 2952 543 3007; x_wconf 75' lang='lat' dir='ltr'><strong>Furias.</strong></span> <span class='ocrx_word' id='word_1_235' title='bbox 560 2954 625 3009; x_wconf 74' lang='lat' dir='ltr'><strong>llaec</strong></span> <span class='ocrx_word' id='word_1_236' title='bbox 644 2952 758 3008; x_wconf 85' lang='lat' dir='ltr'><strong>totidem</strong></span> <span class='ocrx_word' id='word_1_237' title='bbox 776 2955 866 3008; x_wconf 72' lang='lat' dir='ltr'><strong>serbis</strong></span> <span class='ocrx_word' id='word_1_238' title='bbox 909 2958 946 3009; x_wconf 84' lang='lat' dir='ltr'><strong>Et</strong></span> <span class='ocrx_word' id='word_1_239' title='bbox 959 2968 980 3009; x_wconf 86' lang='lat' dir='ltr'><strong>t.</strong></span> <span class='ocrx_word' id='word_1_240' title='bbox 996 2962 1045 3021; x_wconf 71' lang='lat' dir='ltr'><strong>ds,</strong></span> <span class='ocrx_word' id='word_1_241' title='bbox 1058 2954 1152 3009; x_wconf 86' lang='lat' dir='ltr'><strong>slicsrn</strong></span> <span class='ocrx_word' id='word_1_242' title='bbox 1167 2951 1394 3023; x_wconf 50' lang='lat' dir='ltr'><strong>lacrimulam·</strong></span> 
     </span>
     <span class='ocr_line' id='line_1_28' title="bbox 351 3028 1393 3107; baseline -0.001 -23"><span class='ocrx_word' id='word_1_243' title='bbox 351 3034 441 3085; x_wconf 89' lang='lat' dir='ltr'><strong>Diosc.</strong></span> <span class='ocrx_word' id='word_1_244' title='bbox 459 3033 501 3096; x_wconf 89' lang='lat'><strong>11,</strong></span> <span class='ocrx_word' id='word_1_245' title='bbox 521 3044 591 3103; x_wconf 71' lang='lat'>107}</span> <span class='ocrx_word' id='word_1_246' title='bbox 604 3032 675 3087; x_wconf 85' lang='lat' dir='ltr'><strong>Plio.</strong></span> <span class='ocrx_word' id='word_1_247' title='bbox 691 3034 753 3086; x_wconf 83' lang='lat' dir='ltr'><strong>Vel.</strong></span> <span class='ocrx_word' id='word_1_248' title='bbox 766 3034 793 3099; x_wconf 95' lang='lat'><strong>1,</strong></span> <span class='ocrx_word' id='word_1_249' title='bbox 810 3038 865 3101; x_wconf 74' lang='lat' dir='ltr'><strong>ct,</strong></span> <span class='ocrx_word' id='word_1_250' title='bbox 909 3052 965 3107; x_wconf 86' lang='lat' dir='ltr'><strong>que</strong></span> <span class='ocrx_word' id='word_1_251' title='bbox 977 3036 1121 3099; x_wconf 83' lang='lat' dir='ltr'><strong>triticeam,</strong></span> <span class='ocrx_word' id='word_1_252' title='bbox 1133 3030 1235 3105; x_wconf 69' lang='grc' dir='ltr'>χόνδρον</span> <span class='ocrx_word' id='word_1_253' title='bbox 1246 3032 1286 3085; x_wconf 81' lang='lat' dir='ltr'><strong>ssi</strong></span> <span class='ocrx_word' id='word_1_254' title='bbox 1295 3028 1393 3083; x_wconf 60' lang='lat' dir='ltr'><strong>sattim</strong></span> 
     </span>
     <span class='ocr_line' id='line_1_29' title="bbox 352 3104 1392 3186; baseline 0 -21"><span class='ocrx_word' id='word_1_255' title='bbox 352 3123 381 3166; x_wconf 90' lang='lat' dir='ltr'><strong>et</strong></span> <span class='ocrx_word' id='word_1_256' title='bbox 400 3111 543 3167; x_wconf 71' lang='lat' dir='ltr'><strong>Marcellus</strong></span> <span class='ocrx_word' id='word_1_257' title='bbox 563 3112 692 3184; x_wconf 83' lang='lat' dir='ltr'><strong>Empiric.</strong></span> <span class='ocrx_word' id='word_1_258' title='bbox 715 3130 775 3184; x_wconf 78' lang='lat' dir='ltr'><strong>esp.</strong></span> <span class='ocrx_word' id='word_1_259' title='bbox 800 3132 865 3180; x_wconf 85' lang='lat' dir='ltr'><strong>m,</strong></span> <span class='ocrx_word' id='word_1_260' title='bbox 907 3115 1021 3186; x_wconf 70' lang='grc' dir='ltr'>πρίννν·</span> <span class='ocrx_word' id='word_1_261' title='bbox 1042 3121 1125 3168; x_wconf 75' lang='grc' dir='ltr'>τοῦτο</span> <span class='ocrx_word' id='word_1_262' title='bbox 1139 3113 1187 3184; x_wconf 71' lang='grc' dir='ltr'><strong>γὰρ</strong></span> <span class='ocrx_word' id='word_1_263' title='bbox 1208 3118 1256 3165; x_wconf 73' lang='grc' dir='ltr'><strong>νῦν</strong></span> <span class='ocrx_word' id='word_1_264' title='bbox 1275 3104 1392 3181; x_wconf 62' lang='lat' dir='ltr'><strong>mim</strong></span> 
     </span>
     <span class='ocr_line' id='line_1_30' title="bbox 352 3190 1391 3269; baseline 0.003 -25"><span class='ocrx_word' id='word_1_265' title='bbox 352 3208 413 3263; x_wconf 72' lang='lat' dir='ltr'><strong>pag.</strong></span> <span class='ocrx_word' id='word_1_266' title='bbox 424 3209 487 3245; x_wconf 86' lang='lat' dir='ltr'><strong>rso.</strong></span> <span class='ocrx_word' id='word_1_267' title='bbox 499 3190 590 3244; x_wconf 83' lang='lat' dir='ltr'><strong>Hsan.</strong></span> <span class='ocrx_word' id='word_1_268' title='bbox 767 3230 772 3239; x_wconf 80' lang='lat'><strong>·</strong></span> <span class='ocrx_word' id='word_1_269' title='bbox 911 3193 946 3247; x_wconf 77' lang='lat' dir='ltr'><strong>eir</strong></span> <span class='ocrx_word' id='word_1_270' title='bbox 962 3194 1117 3265; x_wconf 71' lang='grc' dir='ltr'><strong>δοχνμότνρα.</strong></span> <span class='ocrx_word' id='word_1_271' title='bbox 1125 3194 1216 3247; x_wconf 72' lang='lat' dir='ltr'><strong>urso.</strong></span> <span class='ocrx_word' id='word_1_272' title='bbox 1385 3256 1391 3269; x_wconf 44' lang='lat'><strong>·</strong></span> 
     </span>
     <span class='ocr_line' id='line_1_31' title="bbox 392 3260 1392 3351; baseline 0.001 -29"><span class='ocrx_word' id='word_1_273' title='bbox 392 3270 464 3325; x_wconf 83' lang='lat' dir='ltr'><strong>Lxl.</strong></span> <span class='ocrx_word' id='word_1_274' title='bbox 486 3287 510 3325; x_wconf 88' lang='grc' dir='ltr'><strong>ι.</strong></span> <span class='ocrx_word' id='word_1_275' title='bbox 524 3272 583 3325; x_wconf 83' lang='lat' dir='ltr'><strong>Non</strong></span> <span class='ocrx_word' id='word_1_276' title='bbox 593 3275 706 3343; x_wconf 79' lang='lat' dir='ltr'><strong>ptr&#39;sana.</strong></span> <span class='ocrx_word' id='word_1_277' title='bbox 719 3270 803 3327; x_wconf 73' lang='lat' dir='ltr'><strong>lutee</strong></span> <span class='ocrx_word' id='word_1_278' title='bbox 815 3290 866 3345; x_wconf 84' lang='lat' dir='ltr'><strong>po·</strong></span> <span class='ocrx_word' id='word_1_279' title='bbox 911 3302 925 3315; x_wconf 91' lang='lat'><strong>·</strong></span> <span class='ocrx_word' id='word_1_280' title='bbox 950 3294 975 3327; x_wconf 81' lang='lat' dir='ltr'><strong>a.</strong></span> <span class='ocrx_word' id='word_1_281' title='bbox 998 3275 1068 3327; x_wconf 80' lang='lat' dir='ltr'><strong>Esse.</strong></span> <span class='ocrx_word' id='word_1_282' title='bbox 1081 3274 1117 3326; x_wconf 76' lang='lat' dir='ltr'><strong>Ea</strong></span> <span class='ocrx_word' id='word_1_283' title='bbox 1127 3290 1185 3326; x_wconf 88' lang='lat' dir='ltr'><strong>esse</strong></span> <span class='ocrx_word' id='word_1_284' title='bbox 1195 3269 1300 3343; x_wconf 79' lang='lat' dir='ltr'><strong>quiden</strong></span> <span class='ocrx_word' id='word_1_285' title='bbox 1315 3260 1392 3351; x_wconf 60' lang='lat' dir='ltr'><strong>bd‘f*</strong></span> 
     </span>
     <span class='ocr_line' id='line_1_32' title="bbox 351 3347 1390 3422; baseline 0.001 -19"><span class='ocrx_word' id='word_1_286' title='bbox 351 3351 416 3409; x_wconf 85' lang='lat' dir='ltr'><strong>tius.</strong></span> <span class='ocrx_word' id='word_1_287' title='bbox 441 3367 522 3420; x_wconf 79' lang='lat' dir='ltr'><strong>quarn</strong></span> <span class='ocrx_word' id='word_1_288' title='bbox 547 3352 657 3422; x_wconf 73' lang='lat' dir='ltr'><strong>ptisanas</strong></span> <span class='ocrx_word' id='word_1_289' title='bbox 683 3350 776 3405; x_wconf 86' lang='lat' dir='ltr'><strong>laudes</strong></span> <span class='ocrx_word' id='word_1_290' title='bbox 804 3353 867 3405; x_wconf 88' lang='lat' dir='ltr'><strong>scri·</strong></span> <span class='ocrx_word' id='word_1_291' title='bbox 909 3347 1390 3407; x_wconf 70' lang='lat' dir='ltr'><strong>nonsenl²estnsteststnr=«Alionenm</strong></span> 
     </span>
     <span class='ocr_line' id='line_1_33' title="bbox 315 3423 1386 3504; baseline -0.003 -21"><span class='ocrx_word' id='word_1_292' title='bbox 315 3438 320 3449; x_wconf 87' lang='grc'><em>·</em></span> <span class='ocrx_word' id='word_1_293' title='bbox 352 3430 480 3500; x_wconf 85' lang='lat' dir='ltr'><strong>psisseut,</strong></span> <span class='ocrx_word' id='word_1_294' title='bbox 490 3430 513 3482; x_wconf 88' lang='lat' dir='ltr'><strong>si</strong></span> <span class='ocrx_word' id='word_1_295' title='bbox 527 3430 621 3484; x_wconf 81' lang='lat' dir='ltr'><strong>aliosan</strong></span> <span class='ocrx_word' id='word_1_296' title='bbox 632 3442 748 3485; x_wconf 71' lang='lat' dir='ltr'><strong>noumt.</strong></span> <span class='ocrx_word' id='word_1_297' title='bbox 761 3430 866 3503; x_wconf 79' lang='lat' dir='ltr'><strong>lfrppo·</strong></span> <span class='ocrx_word' id='word_1_298' title='bbox 908 3430 1018 3495; x_wconf 83' lang='lat' dir='ltr'><strong>dicitur,</strong></span> <span class='ocrx_word' id='word_1_299' title='bbox 1030 3430 1106 3504; x_wconf 75' lang='lat' dir='ltr'><strong>quod</strong></span> <span class='ocrx_word' id='word_1_300' title='bbox 1119 3431 1169 3483; x_wconf 83' lang='lat' dir='ltr'><strong>alit</strong></span> <span class='ocrx_word' id='word_1_301' title='bbox 1182 3446 1284 3502; x_wconf 78' lang='lat' dir='ltr'><strong>corpus</strong></span> <span class='ocrx_word' id='word_1_302' title='bbox 1295 3452 1306 3473; x_wconf 76' lang='grc' dir='ltr'><strong>ι</strong></span> <span class='ocrx_word' id='word_1_303' title='bbox 1317 3423 1386 3475; x_wconf 65' lang='lat' dir='ltr'><strong>Hm</strong></span> 
     </span>
     <span class='ocr_line' id='line_1_34' title="bbox 352 3504 1392 3582; baseline -0.004 -19"><span class='ocrx_word' id='word_1_304' title='bbox 352 3520 452 3563; x_wconf 82' lang='lat' dir='ltr'><strong>cratem</strong></span> <span class='ocrx_word' id='word_1_305' title='bbox 468 3507 571 3563; x_wconf 79' lang='lat' dir='ltr'><strong>Plinius</strong></span> <span class='ocrx_word' id='word_1_306' title='bbox 586 3508 725 3581; x_wconf 74' lang='lat' dir='ltr'><strong>designat,</strong></span> <span class='ocrx_word' id='word_1_307' title='bbox 740 3528 821 3582; x_wconf 86' lang='lat' dir='ltr'><strong>qoem</strong></span> <span class='ocrx_word' id='word_1_308' title='bbox 830 3510 866 3566; x_wconf 88' lang='lat' dir='ltr'><strong>de</strong></span> <span class='ocrx_word' id='word_1_309' title='bbox 950 3514 979 3565; x_wconf 78' lang='lat'><strong>3.</strong></span> <span class='ocrx_word' id='word_1_310' title='bbox 993 3510 1050 3564; x_wconf 67' lang='lat' dir='ltr'><strong>Sive</strong></span> <span class='ocrx_word' id='word_1_311' title='bbox 1061 3514 1128 3563; x_wconf 78' lang='lat' dir='ltr'><strong>elate</strong></span> <span class='ocrx_word' id='word_1_312' title='bbox 1139 3511 1219 3563; x_wconf 74' lang='lat' dir='ltr'><strong>deese.</strong></span> <span class='ocrx_word' id='word_1_313' title='bbox 1238 3508 1296 3562; x_wconf 78' lang='lat' dir='ltr'><strong>Sive</strong></span> <span class='ocrx_word' id='word_1_314' title='bbox 1311 3504 1392 3555; x_wconf 67' lang='lat' dir='ltr'><strong>altum</strong></span> 
     </span>
     <span class='ocr_line' id='line_1_35' title="bbox 352 3572 1391 3663; baseline -0.001 -22"><span class='ocrx_word' id='word_1_315' title='bbox 352 3590 454 3657; x_wconf 85' lang='lat' dir='ltr'><strong>ptisana</strong></span> <span class='ocrx_word' id='word_1_316' title='bbox 470 3588 599 3643; x_wconf 82' lang='lat' dir='ltr'><strong>volumen</strong></span> <span class='ocrx_word' id='word_1_317' title='bbox 617 3588 730 3643; x_wconf 81' lang='lat' dir='ltr'><strong>edidisse</strong></span> <span class='ocrx_word' id='word_1_318' title='bbox 748 3588 866 3646; x_wconf 78' lang='lat' dir='ltr'><strong>diximus</strong></span> <span class='ocrx_word' id='word_1_319' title='bbox 909 3592 937 3644; x_wconf 93' lang='lat' dir='ltr'><strong>in</strong></span> <span class='ocrx_word' id='word_1_320' title='bbox 950 3610 1019 3663; x_wconf 83' lang='lat' dir='ltr'><strong>sque</strong></span> <span class='ocrx_word' id='word_1_321' title='bbox 1033 3590 1136 3656; x_wconf 83' lang='lat' dir='ltr'><strong>mulsa,</strong></span> <span class='ocrx_word' id='word_1_322' title='bbox 1147 3608 1211 3662; x_wconf 76' lang='lat' dir='ltr'><strong>qne</strong></span> <span class='ocrx_word' id='word_1_323' title='bbox 1229 3586 1302 3642; x_wconf 84' lang='lat' dir='ltr'><strong>detur</strong></span> <span class='ocrx_word' id='word_1_324' title='bbox 1316 3572 1391 3635; x_wconf 62' lang='lat' dir='ltr'><strong>deind·</strong></span> 
     </span>
     <span class='ocr_line' id='line_1_36' title="bbox 351 3656 1393 3742; baseline -0.002 -21"><span class='ocrx_word' id='word_1_325' title='bbox 351 3664 461 3732; x_wconf 82' lang='lat' dir='ltr'><strong>XVIII,</strong></span> <span class='ocrx_word' id='word_1_326' title='bbox 483 3666 528 3722; x_wconf 72' lang='lat' dir='ltr'><strong>rb.</strong></span> <span class='ocrx_word' id='word_1_327' title='bbox 544 3668 661 3722; x_wconf 86' lang='lat' dir='ltr'><strong>Plinium</strong></span> <span class='ocrx_word' id='word_1_328' title='bbox 674 3668 864 3735; x_wconf 83' lang='lat' dir='ltr'><strong>nibilominus,</strong></span> <span class='ocrx_word' id='word_1_329' title='bbox 909 3672 986 3742; x_wconf 89' lang='lat' dir='ltr'><strong>potni</strong></span> <span class='ocrx_word' id='word_1_330' title='bbox 996 3688 1004 3723; x_wconf 75' lang='lat' dir='ltr'><strong>t</strong></span> <span class='ocrx_word' id='word_1_331' title='bbox 1016 3671 1073 3724; x_wconf 75' lang='lat' dir='ltr'><strong>siae</strong></span> <span class='ocrx_word' id='word_1_332' title='bbox 1085 3669 1250 3741; x_wconf 82' lang='lat' dir='ltr'><strong>decoquatur</strong></span> <span class='ocrx_word' id='word_1_333' title='bbox 1265 3678 1291 3718; x_wconf 93' lang='lat' dir='ltr'><strong>et</strong></span> <span class='ocrx_word' id='word_1_334' title='bbox 1301 3656 1393 3733; x_wconf 49' lang='grc' dir='ltr'><strong>μηδ’</strong></span> 
     </span>
     <span class='ocr_line' id='line_1_37' title="bbox 350 3746 1392 3827; baseline -0.001 -27"><span class='ocrx_word' id='word_1_335' title='bbox 350 3746 431 3802; x_wconf 86' lang='lat' dir='ltr'><strong>tseitn</strong></span> <span class='ocrx_word' id='word_1_336' title='bbox 457 3746 508 3800; x_wconf 84' lang='lat' dir='ltr'><strong>viri</strong></span> <span class='ocrx_word' id='word_1_337' title='bbox 535 3750 660 3814; x_wconf 83' lang='lat' dir='ltr'><strong>nomine,</strong></span> <span class='ocrx_word' id='word_1_338' title='bbox 691 3748 867 3821; x_wconf 79' lang='lat' dir='ltr'><strong>reprehendit</strong></span> <span class='ocrx_word' id='word_1_339' title='bbox 909 3763 970 3817; x_wconf 86' lang='lat' dir='ltr'><strong>tur,</strong></span> <span class='ocrx_word' id='word_1_340' title='bbox 992 3751 1185 3820; x_wconf 66' lang='lat' dir='ltr'><strong>turbatorque</strong></span> <span class='ocrx_word' id='word_1_341' title='bbox 1204 3750 1227 3801; x_wconf 89' lang='lat' dir='ltr'><strong>is</strong></span> <span class='ocrx_word' id='word_1_342' title='bbox 1245 3748 1392 3827; x_wconf 43' lang='lat' dir='ltr'><strong>succum}</strong></span> 
     </span>
     <span class='ocr_line' id='line_1_38' title="bbox 350 3816 1391 3902; baseline -0.002 -23"><span class='ocrx_word' id='word_1_343' title='bbox 350 3824 481 3895; x_wconf 83' lang='lat' dir='ltr'><strong>Galenus,</strong></span> <span class='ocrx_word' id='word_1_344' title='bbox 508 3825 542 3881; x_wconf 87' lang='lat' dir='ltr'><strong>sd</strong></span> <span class='ocrx_word' id='word_1_345' title='bbox 562 3846 625 3881; x_wconf 88' lang='lat' dir='ltr'><strong>eurn</strong></span> <span class='ocrx_word' id='word_1_346' title='bbox 644 3827 815 3899; x_wconf 83' lang='lat' dir='ltr'><strong>Hippocratis</strong></span> <span class='ocrx_word' id='word_1_347' title='bbox 835 3830 868 3884; x_wconf 91' lang='lat' dir='ltr'><strong>li·</strong></span> <span class='ocrx_word' id='word_1_348' title='bbox 908 3828 1067 3902; x_wconf 85' lang='lat' dir='ltr'><strong>deniqnein</strong></span> <span class='ocrx_word' id='word_1_349' title='bbox 1082 3829 1186 3900; x_wconf 86' lang='lat' dir='ltr'><strong>pultem</strong></span> <span class='ocrx_word' id='word_1_350' title='bbox 1195 3816 1391 3897; x_wconf 69' lang='lat' dir='ltr'><strong>coqostrrr·ss⁸⁶¹</strong></span> 
     </span>
     <span class='ocr_line' id='line_1_39' title="bbox 349 3904 1390 3981; baseline 0.006 -23"><span class='ocrx_word' id='word_1_351' title='bbox 349 3904 429 3959; x_wconf 81' lang='lat' dir='ltr'><strong>bruna</strong></span> <span class='ocrx_word' id='word_1_352' title='bbox 442 3904 477 3960; x_wconf 88' lang='lat' dir='ltr'><strong>de</strong></span> <span class='ocrx_word' id='word_1_353' title='bbox 494 3906 611 3978; x_wconf 85' lang='lat' dir='ltr'><strong>ptisana,</strong></span> <span class='ocrx_word' id='word_1_354' title='bbox 626 3924 672 3961; x_wconf 86' lang='lat' dir='ltr'><strong>seu</strong></span> <span class='ocrx_word' id='word_1_355' title='bbox 687 3906 722 3961; x_wconf 89' lang='lat' dir='ltr'><strong>de</strong></span> <span class='ocrx_word' id='word_1_356' title='bbox 740 3908 821 3963; x_wconf 85' lang='lat' dir='ltr'><strong>Victa</strong></span> <span class='ocrx_word' id='word_1_357' title='bbox 835 3908 864 3963; x_wconf 80' lang='lat' dir='ltr'><strong>isi</strong></span> <span class='ocrx_word' id='word_1_358' title='bbox 908 3922 935 3963; x_wconf 92' lang='lat' dir='ltr'><strong>et</strong></span> <span class='ocrx_word' id='word_1_359' title='bbox 946 3928 998 3981; x_wconf 83' lang='lat' dir='ltr'><strong>pro</strong></span> <span class='ocrx_word' id='word_1_360' title='bbox 1013 3908 1094 3962; x_wconf 87' lang='lat' dir='ltr'><strong>tritici</strong></span> <span class='ocrx_word' id='word_1_361' title='bbox 1107 3927 1206 3980; x_wconf 74' lang='lat' dir='ltr'><strong>genere</strong></span> <span class='ocrx_word' id='word_1_362' title='bbox 1216 3905 1390 3976; x_wconf 55' lang='lat' dir='ltr'><strong>neopum</strong></span> 
     </span>
     <span class='ocr_line' id='line_1_40' title="bbox 349 3986 1390 4059; baseline 0.008 -23"><span class='ocrx_word' id='word_1_363' title='bbox 349 3986 439 4039; x_wconf 83' lang='lat' dir='ltr'><strong>morb.</strong></span> <span class='ocrx_word' id='word_1_364' title='bbox 459 4004 496 4039; x_wconf 88' lang='lat' dir='ltr'><strong>ac.</strong></span> <span class='ocrx_word' id='word_1_365' title='bbox 514 3998 580 4041; x_wconf 88' lang='lat' dir='ltr'><strong>tom.</strong></span> <span class='ocrx_word' id='word_1_366' title='bbox 594 3988 662 4051; x_wconf 85' lang='lat' dir='ltr'><strong>xn,</strong></span> <span class='ocrx_word' id='word_1_367' title='bbox 684 4006 711 4058; x_wconf 94' lang='lat' dir='ltr'><strong>p.</strong></span> <span class='ocrx_word' id='word_1_368' title='bbox 735 3993 792 4051; x_wconf 73' lang='lat'><strong>14:</strong></span> <span class='ocrx_word' id='word_1_369' title='bbox 808 3992 865 4050; x_wconf 70' lang='grc' dir='ltr'>Τοῖς</span> <span class='ocrx_word' id='word_1_370' title='bbox 907 3990 981 4059; x_wconf 88' lang='lat' dir='ltr'><strong>puls,</strong></span> <span class='ocrx_word' id='word_1_371' title='bbox 998 3989 1145 4042; x_wconf 72' lang='lat' dir='ltr'><strong>sorbitione</strong></span> <span class='ocrx_word' id='word_1_372' title='bbox 1163 3987 1344 4042; x_wconf 69' lang='lat' dir='ltr'><strong>coniicitur:et</strong></span> <span class='ocrx_word' id='word_1_373' title='bbox 1354 3986 1390 4044; x_wconf 70' lang='grc' dir='ltr'><strong>Ρ10</strong></span> 
     </span>
     <span class='ocr_line' id='line_1_41' title="bbox 351 4050 1376 4141; baseline -0.001 -24"><span class='ocrx_word' id='word_1_374' title='bbox 351 4062 466 4135; x_wconf 68' lang='grc' dir='ltr'><strong>οἰομένοις</strong></span> <span class='ocrx_word' id='word_1_375' title='bbox 483 4060 589 4137; x_wconf 69' lang='grc' dir='ltr'><strong>μηδέπω</strong></span> <span class='ocrx_word' id='word_1_376' title='bbox 603 4062 704 4138; x_wconf 69' lang='grc' dir='ltr'>χόνδρον</span> <span class='ocrx_word' id='word_1_377' title='bbox 723 4062 784 4121; x_wconf 76' lang='grc' dir='ltr'>εἶναι</span> <span class='ocrx_word' id='word_1_378' title='bbox 798 4068 866 4123; x_wconf 71' lang='grc' dir='ltr'><strong>κατὰ</strong></span> <span class='ocrx_word' id='word_1_379' title='bbox 909 4069 967 4141; x_wconf 83' lang='lat' dir='ltr'><strong>ipss</strong></span> <span class='ocrx_word' id='word_1_380' title='bbox 979 4071 1056 4141; x_wconf 88' lang='lat' dir='ltr'><strong>pulte</strong></span> <span class='ocrx_word' id='word_1_381' title='bbox 1072 4086 1104 4124; x_wconf 87' lang='lat' dir='ltr'><strong>sc</strong></span> <span class='ocrx_word' id='word_1_382' title='bbox 1117 4067 1262 4123; x_wconf 73' lang='lat' dir='ltr'><strong>sorbitione</strong></span> <span class='ocrx_word' id='word_1_383' title='bbox 1276 4050 1376 4116; x_wconf 72' lang='lat' dir='ltr'><strong>solet-ll·</strong></span> 
     </span>
    </p>
   </div>
   <div class='ocr_carea' id='block_1_4' title="bbox 0 0 1468 5009">
    <p class='ocr_par' dir='ltr' id='par_1_6' title="bbox 0 0 1468 5009">
     <span class='ocr_line' id='line_1_42' title="bbox 0 0 1468 5009; baseline 0 0"><span class='ocrx_word' id='word_1_384' title='bbox 0 0 1468 5009; x_wconf 95' lang='lat' dir='ltr'><strong> </strong></span> 
     </span>
    </p>
   </div>
  </div>
 </body>
</html>
