2925 5009
452 468 610 542 trouu
637 472 778 543 xxvi.
1081 476 1155 573 773

134 610 482 701 XCLArsenogonou
502 620 536 674 et
555 604 778 701 thelygonon⁸
794 603 925 676 herbae²
941 620 1019 675 suut
1031 607 1155 678 haben-
1177 650 1190 686 1

79 730 131 785 tes
158 738 244 783 uvas
267 712 402 782 floribus
427 710 508 780 oleae
528 710 666 799 similes,
692 710 879 806 pallidiores
899 726 1027 797 tamen,
1043 738 1156 783 semen

78 818 203 889 album
218 818 391 913 papaveris
406 816 518 886 modo.
534 816 717 911 Thelygoni
734 804 834 911 potu³
854 818 1009 887 feminam
1025 822 1157 915 concipi

77 938 235 994 narrant.
249 911 506 1018 Arsenogonon⁴
524 924 566 993 ab
579 949 618 993 ea
632 925 757 993 semine
766 922 867 1009 oleae,
890 948 952 993 nec
967 922 1032 992 alio
1047 924 1156 995 distat.

77 1032 196 1123 Hujus
229 1044 313 1124 potu
343 1015 469 1099 mares⁵
498 1031 649 1124 generari
677 1030 908 1124 perhibentur,
931 1032 958 1099 si
977 1030 1155 1101 credimus.

77 1134 149 1205 Alii
165 1151 342 1229 utramque
357 1136 465 1205 ocimo
485 1120 639 1229 similem?
655 1136 802 1205 tradunt.
824 1138 1029 1230 hrscuogoni
1043 1151 1155 1207 autern

78 1266 201 1311 semen
221 1242 407 1335 geminum⁷
421 1266 493 1311 esse
514 1242 652 1311 testibus
676 1240 794 1311 simile.

134 1350 251 1417 xctt.
271 1349 495 1417 Mammarum
514 1348 600 1416 vitiis
616 1349 762 1433 aizoum,
787 1347 878 1442 quod
894 1345 1079 1441 digitellum
1096 1372 1154 1443 ap·
1177 1400 1188 1435 ,

79 1451 319 1549 pellavimus',
335 1446 432 1523 unice
452 1453 613 1522 medetur.
637 1454 800 1548 Erigeron
820 1478 860 1523 er
878 1478 977 1547 passo
994 1477 1156 1523 mammas

78 1559 260 1629 uberiores
284 1558 365 1628 facit
384 1584 393 1628 ε
411 1559 574 1629 sonchum
599 1560 633 1627 in
658 1558 746 1655 lurra
773 1573 917 1629 coctum.
946 1556 1049 1648 Quae’
1075 1584 1156 1629 vero

120 1724 230 1777 XCI-1.
239 1724 601 1795 Arsenogononettbelrgonon.
647 1723 749 1776 Darac.
760 1754 801 1766 -
810 1722 935 1774 Feminam
945 1726 1048 1793 cumbri.
1061 1722 1159 1779 Narrat

80 1804 153 1855 Hoec
182 1814 245 1855 suut
271 1802 382 1855 totidem
414 1800 501 1857 verbis
530 1802 603 1874 apud
646 1801 675 1855 id
692 1802 802 1874 quidem
819 1803 942 1855 Crateras
959 1800 1030 1872 apud
1050 1803 1160 1857 Diosco-

79 1883 229 1953 Theophr.
242 1882 310 1935 llist.
325 1882 382 1945 tx,
400 1900 433 1950 19
449 1896 456 1931 :
473 1876 604 1953 Ᾰῤῥινόγο-
646 1880 698 1935 rid.
715 1883 772 1947 111,
788 1888 851 1943 ¹60·
865 1881 971 1935 Fabula
982 1881 1063 1935 affine
1073 1884 1160 1935 existi·

79 1981 123 2013 vos
139 1962 183 2014 καὶ
203 1962 339 2031 tuiipsius.
357 1960 413 2013 Nec
427 1962 541 2015 multum
556 1962 602 2013 ab·
647 1974 702 2013 mat
715 1961 855 2032 Theophr.
874 1961 924 2014 loc.
941 1962 988 2014 cit.
1005 1960 1103 2015 Fecere
1117 1962 1159 2015 in·

80 2038 157 2094 ludit
179 2040 270 2093 Diosc.
290 2042 349 2099 ΙΙΙ,
367 2046 428 2103 ¹4⁰·
447 2042 603 2111 Utrumque
645 2040 722 2094 terim
739 2058 754 2093 a
769 2042 886 2093 maribus
901 2040 1038 2092 leminiare
1049 2040 1159 2111 gignen-

80 2120 232 2193 pingitura
242 2118 521 2191 LobelioinAdrr.p.
535 2124 601 2173 261.
646 2118 688 2173 dis
701 2120 807 2190 utrique
822 2121 911 2172 herbae
926 2137 1034 2172 nomeu.
1050 2121 1144 2175 Hsuu.

81 2200 304 2269 Arrheuogonou
315 2199 437 2271 phyllum
453 2198 602 2252 marilicurn
687 2205 714 2263 4.
731 2197 1108 2269 Arsenogonon..hrsenogouo
1121 2201 1160 2253 ait

79 2279 280 2349 Theophrasti,
302 2277 464 2331 Dioscuridis
492 2279 600 2331 lemini·
645 2296 699 2331 esse
708 2296 798 2331 semen
808 2278 886 2349 quale
895 2278 1090 2342 olea,lemina
1100 2280 1159 2332 nul·

80 2359 167 2411 licum
182 2358 286 2412 Clusius
295 2370 366 2411 recte
374 2371 522 2428 nuncupat,
533 2358 601 2411 llist.
644 2359 699 2411 lum
707 2376 771 2410 esse.
783 2357 972 2428 SicTheophr.
984 2357 1084 2411 Contra
1096 2358 1159 2411 Dio·

81 2440 152 2491 llas.
174 2437 212 2508 pl.
232 2436 283 2501 lV,
302 2456 331 2507 p.
356 2439 401 2499 48.
424 2438 601 2508 Thelygnnon
645 2436 763 2490 scoritles
778 2436 882 2489 femina
895 2455 941 2488 seu
956 2435 1157 2507 thelygonose·

81 2530 180 2571 contra
201 2534 256 2568 mas
275 2528 316 2568 est
329 2515 494 2581 Dioscoridi‚
510 2518 602 2569 Theo·
644 2534 707 2569 meu
719 2514 854 2586 adjudicat
868 2533 876 2568 t
888 2514 982 2567 adimit
998 2516 1074 2568 mari.
1090 2518 1124 2569 ΙΙ.

80 2596 200 2668 planato
213 2594 397 2648 feminilicum.
408 2596 561 2667 Utrumque
574 2597 602 2648 in
687 2596 713 2649 5.
726 2596 809 2665 Hujus
819 2608 880 2665 potu
889 2614 978 2658 inam,
995 2609 1045 2649 etc.
1054 2595 1090 2649 Et
1104 2596 1157 2649 hoc

82 2677 169 2729 horto
184 2675 268 2744 Regio
283 2672 408 2727 vidimus.
427 2676 460 2728 Η.
474 2704 515 2717 --
525 2678 603 2728 Arse·
644 2692 659 2728 a
673 2674 785 2728 Cratera
798 2674 952 2728 confictum.
965 2676 1055 2726 Hsno.

83 2753 369 2825 nogonon,etc.Nobis
384 2764 422 2807 est
436 2754 603 2825 Theljgonum
685 2757 712 2807 6.
731 2755 861 2825 Utramque
876 2773 959 2826 ocyma
976 2755 1089 2819 similem,
1105 2766 1156 2808 etc.
1182 2822 1185 2827 Ι

85 2833 256 2907 Cynocrambe
270 2828 390 2892 (Monac.
402 2834 520 2903 polyand.
539 2852 601 2903 gen.
644 2830 702 2886 Hoc
719 2834 920 2903 Theophrastus
937 2833 988 2885 loc.
1004 2831 1077 2887 laud.
1097 2835 1155 2887 Atia

86 2920 164 2982 ²⁰94
178 2913 249 2965 Pers.
265 2912 341 2964 Urtie.
352 2906 445 2979 luen).
456 2912 562 2966 Habitat
574 2914 602 2966 in
644 2911 730 2983 phylli
746 2913 857 2964 historia
871 2910 1035 2964 Dioscoridis
1046 2908 1095 2964 est.¹
1107 2913 1158 2965 Mi·

84 2992 167 3047 ludia
181 2991 317 3052 orientali,
329 3004 354 3043 et
366 2994 474 3063 Europa
482 2993 601 3045 australi.
644 3010 721 3055 rum,
733 2991 860 3055 Plinium,
873 3008 932 3062 quta
944 3010 959 3043 a
971 2992 1157 3063 Theophrasto

84 3072 167 3127 Cous.
191 3070 326 3141 Spreugel.
343 3068 442 3125 llistor.
457 3072 506 3125 Rei
525 3073 601 3125 herb.
645 3068 679 3122 de
693 3070 839 3143 thelygono
857 3071 954 3141 scripta
970 3082 1047 3130 aunt,
1064 3071 1109 3124 hic
1121 3084 1158 3124 ta·

85 3164 153 3207 tom.
166 3150 198 3214 Ι,
213 3168 272 3220 pag.
293 3150 354 3202 103.
370 3152 422 3203 Eo.
645 3150 739 3203 cuisse.
754 3149 827 3202 Vide
836 3168 917 3220 supra
931 3170 954 3203 c.
975 3168 1015 3202 ro.
1033 3150 1136 3203 Dauo.

131 3250 158 3283 a.
188 3229 287 3281 Herboe.
313 3228 409 3283 Herbae
433 3240 494 3281 sunt
519 3230 602 3283 musci
686 3248 712 3299 7.
742 3231 898 3298 Arsenogoni
917 3242 996 3280 antem
1017 3249 1096 3280 semen
1112 3250 1157 3299 ge·

85 3308 171 3363 modo
182 3320 317 3361 nascentes
329 3302 422 3381 (ὥσπερ
436 3306 603 3377 βρύον).ΤΙιι··
645 3312 747 3371 minum,
771 3322 822 3362 etc.
845 3309 1026 3373 Quamobrem
1044 3310 1157 3382 phyllon

85 3392 209 3463 lygouon
231 3389 296 3439 oleas
316 3388 396 3457 lolio,
410 3387 549 3459 pallidiore
564 3400 603 3441 tn·
645 3389 825 3443 testiculatnrn
852 3388 1013 3441 recentiores
1040 3388 1156 3441 herbarii

86 3488 150 3523 rnen
160 3509 167 3535 ,
179 3467 245 3520 flore
254 3467 332 3529 albo,
349 3471 450 3521 semiue
462 3468 603 3539 papaveris
645 3468 794 3521 nominant.
807 3466 899 3518 Hero.

88 3547 182 3601 modo.
198 3546 288 3601 Dicsc.
301 3548 403 3601 Danas.
420 3578 455 3591 -
471 3547 601 3601 Habentes.
686 3548 773 3601 XCII.
790 3567 812 3600 r.
824 3546 969 3616 Digitellum
978 3546 1157 3617 appellavimus.

87 3628 186 3682 Semen
200 3624 603 3698 racemosum‚eiquodammo·
646 3626 706 3679 Lib.
727 3626 816 3689 XXV,
835 3644 893 3697 cop.
921 3644 982 3678 roa.
1007 3628 1053 3679 Est
1073 3625 1102 3679 id
1119 3628 1158 3679 ai·

87 3707 125 3760 do
138 3706 246 3771 simile,
259 3704 348 3775 quod,
365 3718 507 3777 postquam
521 3706 604 3759 dello·
647 3724 725 3759 soum
739 3710 832 3778 majus.
845 3706 923 3760 H.-
935 3704 1040 3775 Nempe
1050 3704 1156 3777 Semper·

88 3787 145 3840 ruit
162 3785 239 3849 olea,
254 3786 400 3855 primulum
420 3786 547 3856 emergit,
568 3800 604 3840 at·
648 3789 721 3839 slsum
734 3799 860 3847 tectorum,
868 3784 994 3854 jonbnrbe.
1006 3785 1057 3837 En.

89 3884 142 3939 que
156 3865 329 3934 conspicitur.
341 3866 431 3918 Diosc.
446 3866 496 3918 loc.
512 3866 555 3919 cit.
567 3868 601 3918 ll.
691 3887 715 3919 a.
739 3868 804 3934 Qua
821 3884 880 3916 vero
897 3876 993 3917 mutos.
1017 3866 1121 3918 Nomen
1143 3886 1159 3921 a

132 3944 159 3998 3.
178 3945 314 4017 Tbelygom
326 3960 395 4016 potu
412 3945 473 3999 Alia
493 3958 532 3998 eat
548 3947 605 3999 the·
649 3962 765 3997 mamma
782 3944 898 4008 iactum,
913 3963 972 4015 quae
992 3944 1092 3997 Grecis
1111 3966 1159 4016 pa-

91 4026 221 4098 lygonos,
235 4042 331 4095 nempe
345 4024 529 4096 melampyron
541 4025 606 4077 Dio·
649 4027 690 4085 eb<
712 4036 739 4076 et
754 4026 846 4095 μισθὸς
862 4025 1006 4078 scribitur:
1024 4024 1101 4077 laciea
1118 4026 1159 4078 iu·
1252 4016 1257 4029 '

92 4102 219 4169 maridis,
234 4103 302 4157 infra
314 4104 360 4157 lib.
376 4104 491 4167 XXVII,
504 4122 561 4175 cap.
577 4108 604 4161 8.
650 4104 764 4174 cognita.
779 4102 870 4158 liano.
952 4134 957 4147 ·
