2925 5009
353 474 426 571 476
718 476 1001 547 excursus
1026 478 1056 544 t.

353 608 380 649 et
391 598 417 649 in
427 596 522 668 pn'mia
535 612 633 649 musco
642 594 766 667 quedam
781 594 861 669 bujua
875 596 980 651 arboris
988 592 1202 668 gemmss,fol'n,
1217 594 1398 648 sumlustear·

350 684 436 738 riores
450 684 613 756 pungentia,
632 682 724 737 tenuia
738 702 797 737 rasa
808 683 975 756 dilacerant:
987 702 1082 737 succus
1094 682 1156 737 inde
1167 682 1270 746 effluit,
1284 681 1398 754 copina'n

350 770 463 842 appellit
477 769 513 823 ob
534 770 663 823 minutam
683 771 872 833 resistentiam,
889 789 950 825 vasa
963 772 998 823 ab
1018 770 1132 823 humore
1146 770 1255 823 uberior
1271 769 1399 841 appellnt

349 859 513 929 ampliantur
526 858 610 930 magia
626 876 657 911 ac
668 858 768 930 magis3
783 856 847 912 iude
858 872 976 912 tumores
989 858 1028 911 illi
1041 858 1231 921 multiformen,
1243 858 1291 931 qui
1304 857 1358 909 lieet
1366 874 1399 909 ar·

349 944 421 999 boris
434 957 557 1017 respectu
567 946 799 1016 praeternaturales
810 947 879 1013 sint,
889 964 904 999 a
916 957 1013 1000 ustura
1026 958 1117 1000 tameo
1130 946 1304 1011 destinantur,
1320 958 1348 997 ut
1357 944 1399 996 sint

350 1033 424 1087 velut
437 1034 560 1089 matrices
574 1046 600 1086 et
611 1033 679 1087 uteri
694 1034 856 1089 insectorum
866 1033 1024 1087 eorumdem
1038 1035 1095 1088 osis
1106 1032 1287 1107 excipiendis,
1299 1031 1397 1097 tuendo.

351 1121 487 1186 fovendis,
499 1122 609 1175 statibus
627 1120 799 1175 excludendis
811 1121 945 1194 editisque
958 1120 1062 1177 alendis
1073 1122 1252 1177 imerriema
1264 1123 1330 1174 Dum
1341 1120 1399 1188 ‘alb

352 1220 550 1282 maturentque
562 1222 680 1263 recantet
695 1208 860 1280 aperiuntur,
874 1210 1022 1275 vermiculi,
1030 1210 1073 1263 sel
1084 1212 1172 1283 potius
1184 1210 1322 1284 nymphe,
1333 1205 1398 1260 nard)

352 1295 436 1349 unicae
450 1296 478 1350 in
492 1308 599 1361 centro,
613 1293 695 1349 modo
708 1297 798 1367 plures
812 1296 840 1349 in
856 1296 968 1350 totidem
980 1298 1085 1351 cellulis
1094 1302 1277 1369 reperiuntur,
1288 1314 1344 1369 que
1353 1304 1399 1365 pat

350 1384 459 1458 aliquod
473 1387 600 1487 temporis
617 1385 787 1439 intervallum
805 1385 833 1439 in
852 1404 957 1440 muscas
971 1388 1136 1441 evolvuntur
1152 1386 1273 1459 ejusdem
1287 1384 1398 1439 valetis!

350 1472 449 1528 diversi
469 1474 582 1545 generis.
597 1474 679 1527 Paulo
697 1484 757 1547 post
770 1475 843 1527 sirm
859 1476 910 1529 sibi
929 1488 1055 1548 querunt
1074 1476 1152 1547 galla
1172 1475 1339 1529 substantiam
1353 1488 1395 1524 ao

350 1561 454 1629 dendo,
467 1581 498 1616 ac
511 1562 645 1617 tandem'
638 1582 665 1615 tn
684 1562 826 1633 superficie
841 1564 964 1618 foramen
974 1563 1125 1618 rotundum
1137 1566 1276 1637 aperiunt,
1286 1582 1331 1636 pe
1339 1558 1396 1631 qni

348 1660 447 1705 neunt
458 1663 484 1703 et
496 1651 611 1706 avolant.
626 1649 655 1703 Si
673 1650 752 1723 galle
762 1650 937 1705 foraminibus
949 1652 1092 1724 perforata
1104 1670 1163 1705 nou
1175 1652 1247 1716 sint,
1262 1646 1396 1705 mium

347 1751 396 1794 aut
408 1756 498 1792 musca
509 1739 537 1791 in
547 1738 598 1793 illia
608 1737 837 1809 deprehenditur.
848 1739 870 1794 si
880 1759 948 1795 vero
955 1752 1054 1812 aperto
1062 1739 1129 1805 sint,
1136 1758 1229 1793 sacua
1241 1738 1395 1810 apiriam,

348 1838 394 1881 aut
406 1826 464 1880 aliis
475 1825 641 1880 animalculis
656 1827 778 1891 refertar,
793 1845 854 1899 quar
863 1828 935 1883 forte
946 1832 1054 1882 fortuna
1064 1827 1257 1881 foraminolum
1267 1826 1393 1891 subaud·
1409 1888 1415 1899 ¹

348 1926 375 1967 et
387 1914 416 1967 in
426 1913 479 1969 hoc
487 1914 642 1968 cuniculum
651 1932 680 1967 se
693 1928 864 1986 receperunt.

379 2002 518 2055 Gallarum
527 2020 622 2073 genera
632 2001 688 2055 duo
701 2004 729 2055 in
742 2003 860 2059 officiale
869 2003 1085 2077 distinguuntur,
1101 2004 1208 2059 acilioat
1220 2005 1348 2076 stepo-a
1357 2014 1391 2052 tt·

347 2088 501 2155 orientales,
513 2091 601 2164 vulgo,
610 2094 672 2143 noir
685 2094 717 2143 da
725 2095 804 2161 galles
817 2096 909 2160 d'Alep
920 2094 963 2146 vel
972 2097 1099 2161 Ateps'aes,
1107 2105 1136 2147 et
1145 2104 1285 2147 nostrates.

382 2178 525 2250 Alepeuses
535 2177 707 2233 subrotuudar
718 2192 791 2244 suut,
799 2179 926 2235 avellano
933 2182 974 2234 vel
983 2182 1091 2236 oucule
1097 2180 1391 2252 nagnimdineuaqm

347 2280 401 2333 tes,
415 2268 565 2340 angulosas,
578 2268 725 2322 tuberculis
744 2268 879 2323 intmdnm
894 2270 1006 2341 paucis,
1017 2268 1155 2323 interdum
1174 2270 1268 2323 mattis
1279 2275 1390 2339 sepem

347 2353 519 2427 ponderose,
534 2356 624 2409 colore
637 2356 781 2424 albicante,
794 2358 905 2430 glauco,
919 2372 968 2412 aut
980 2357 1141 2431 nigricante,
1150 2359 1229 2411 intus
1240 2356 1322 2410 dense
1332 2364 1388 2405 etr*

348 2444 457 2510 sinose,
471 2457 549 2516 gustu
568 2445 730 2516 astringente
745 2458 771 2498 et
787 2446 892 2499 acerbo.
902 2447 1040 2500 Nostrates
1054 2445 1178 2499 rotunde
1191 2459 1268 2511 sunt,
1279 2438 1389 2497 subula

344 2531 387 2585 tel
399 2532 479 2595 ruia,
493 2532 633 2603 superficie
645 2533 739 2599 laves,
754 2534 876 2605 pondere
896 2533 1019 2594 leviores.
1039 2534 1127 2587 fractu
1148 2534 1260 2595 iacilea,
1272 2525 1388 2586 substet&

345 2620 467 2683 rariores,
476 2622 613 2692 fungosa,
628 2640 836 2693 nonnumquam
846 2640 1004 2677 cavernosa.
1012 2622 1101 2676 ffinnr
1110 2635 1247 2694 praetant,
1259 2633 1310 2673 tum
1318 2618 1387 2671 iaarte

344 2708 502 2773 infectoria,
522 2720 578 2761 tum
593 2708 621 2761 in
635 2706 786 2763 medicina:
801 2727 851 2763 uec
860 2708 1240 2783 Veteribuaignotelnerunt.
1250 2709 1320 2762 Prior
1329 2708 1386 2773 ipat·

349 2796 423 2858 κίτις,
439 2796 517 2849 alters
534 2796 650 2858 ὀνοκηκὶς,
663 2796 738 2869 quasi
753 2796 855 2849 asinina
867 2796 938 2850 dicta
949 2798 1008 2851 tuis.

378 2882 460 2937 Galle
471 2883 641 2937 vehementer
650 2885 807 2955 astringunt.
824 2884 894 2937 Hinc
906 2885 934 2937 in
948 2884 1121 2957 dysenteriis,
1130 2885 1184 2939 alsi
1202 2884 1289 2943 darn,
1299 2881 1384 2933 bm-

342 2971 441 3043 rbagiia
461 2972 532 3026 intus
550 2982 665 3044 sumptae
685 2989 701 3025 a
718 2972 842 3043 plurimis
854 2972 1010 3028 laudantur.

377 3060 495 3113 Externa
512 3078 622 3131 quoqne
641 3057 675 3112 ad
690 3058 906 3130 astringendum,
917 3060 1151 3132 repercutiendum
1164 3074 1193 3115 et
1204 3074 1288 3135 partes
1299 3056 1384 3111 mira

343 3146 491 3201 firmandas
505 3164 537 3200 ac
552 3145 716 3201 roborandas
727 3146 896 3201 adhibentur.
913 3147 956 3201 Ad
969 3148 1085 3202 insessos
1095 3150 1179 3212 uteri,
1189 3164 1281 3204 contra
1291 3144 1381 3199 rnlsud

342 3233 410 3289 sedis
420 3233 595 3307 procidentias
607 3234 794 3306 fluxionesque
805 3233 947 3289 decoctum
960 3254 1053 3289 earum
1062 3250 1215 3309 usorpmur.

341 3484 503 3543 inspissantem
514 3480 756 3541 corroboraturamque
765 3479 978 3537 Lnnans‘trtlrnir,
987 3490 1009 3529 et
1016 3481 1047 3527 sd
1056 3482 1250 3545 bemorrbag'nm
1258 3474 1378 3528 mnu&

340 3562 398 3607 Mat.
409 3559 471 3607 med.
480 3574 534 3621 pag.
544 3560 586 3613 25,
596 3557 634 3605 ed.
642 3558 781 3605 Sobrabero.
798 3560 956 3607 infertoribus
964 3560 1084 3607 familiaris
1095 3572 1132 3608 eat
1141 3576 1225 3609 esrum
1235 3576 1298 3612 usus,
1310 3565 1377 3602 ιω*

340 3642 410 3688 etiam
420 3640 451 3687 ad
461 3649 627 3691 atramentum,
638 3638 703 3699 qnod
713 3638 864 3699 scriptorium
875 3656 1000 3694 vocamus,
1012 3640 1202 3703 properandum.
1213 3640 1280 3700 Quod
1290 3635 1378 3695 adipfl

339 3718 442 3781 pertinet
451 3722 579 3775 insertum,
594 3716 776 3780 Hymeuopteris
787 3718 942 3767 adscribitur:
956 3722 1038 3784 Cynips
1045 3723 1216 3783 quercusola'r',
1228 3722 1300 3783 rign.
1309 3717 1377 3762 W

339 3798 441 3853 lineato,
455 3798 557 3860 podibus
577 3796 674 3860 gnaris,
692 3796 822 3844 semoribus
835 3800 918 3846 rnbtns
934 3802 1014 3863 nigris
1032 3802 1130 3861 system.
1147 3804 1231 3848 listnr.
1244 3800 1299 3864 9183
1314 3789 1376 3841 iffi

339 3878 423 3924 loaaot.
436 3878 472 3931 ll,
483 3887 499 3923 t.
511 3878 538 3932 3,
547 3876 564 3923 l.
577 3877 599 3923 5.
609 3877 715 3941 Optimus
722 3888 799 3924 antam
811 3878 886 3939 gallaa
896 3878 958 3927 ferre
966 3878 1053 3926 dicitur
1062 3884 1163 3942 Querens
1171 3882 1251 3935 ἀπὺ,
1259 3880 1329 3939 dequt
1336 3870 1376 3917 ’θ’

339 3957 447 4003 diximus.
455 3958 516 4003 lluic
525 3956 604 4003 arbori
617 3956 792 4004 tuberculorum
802 3972 895 4015 sorum,
906 3974 959 4021 qua
967 3959 1049 4021 cynips
1059 3960 1229 4016 excitamenta
1238 3950 1372 4013 tuoruum·

336 4044 363 4082 ut
374 4036 477 4083 ramulus
488 4036 526 4083 vir
541 4037 642 4098 palmam
654 4053 781 4099 superaus,
794 4054 877 4086 novem
891 4050 931 4086 aut
943 4040 1023 4087 dacem
1038 4040 1153 4100 ejusmodi
1164 4042 1232 4106 gallia
1243 4038 1320 4088 obdit·
1328 4044 1374 4091 ''l‘'

335 4113 415 4163 riatur.
425 4114 481 4162 atita
492 4124 567 4162 tamen
578 4114 687 4163 ridentur
696 4131 728 4164 ear
740 4117 924 4177 prestantiores,
934 4134 986 4179 qua
997 4124 1024 4179 Q.
1033 4119 1145 4184 AEgylopi
1151 4114 1339 4170 normannia
