2925 5009
288 572 292 581 .
346 476 414 549 502
685 482 960 552 nxcunsus
985 484 1050 551 v1.

342 616 399 653 nou
416 610 455 653 est
475 598 556 662 alius,
578 616 660 671 quem
679 610 710 655 ut
726 618 776 671 pro
788 602 970 656 masticaton'o
980 602 1093 663 serviat,
1105 615 1159 674 quo
1172 602 1332 655 muliercule
1344 602 1408 655 eitra

342 686 439 741 Indum
454 688 572 743 maxillus
585 689 642 743 siue
660 690 857 743 intermissione
874 702 1011 752 exercent;
1024 692 1060 744 ita
1075 702 1105 743 ut
1122 706 1202 762 egre,
1211 691 1232 743 si
1243 690 1269 742 ei
1283 688 1408 743 sdneee·

342 775 411 842 rint,
421 792 512 830 curere
528 776 579 830 bar
593 776 676 831 reainn
690 778 802 850 possint.
817 779 924 832 Dicitur
942 779 1080 852 lympham
1097 776 1257 851 prolicieudo
1274 777 1409 830 catharrus

341 862 452 931 tollere,
466 863 617 917 albedinem
629 878 656 918 et
669 864 825 918 lirrnitatem
839 866 964 919 dentibus
977 867 1115 931 renim,
1126 865 1266 937 appetitum
1278 866 1406 928 excitare,

342 968 374 1003 ae
384 962 489 1021 gratum
504 952 544 1005 ori
560 953 705 1006 conciliare
717 954 842 1007 holitum,
858 955 964 1009 Pronus
977 953 1076 1027 ubique
1086 955 1115 1007 iu
1126 953 1239 1006 officinis
1251 964 1276 1006 et
1284 968 1407 1025 ruyrupu

342 1036 386 1091 liis
403 1038 570 1105 Terrarum,
584 1040 721 1095 Persarum
737 1051 766 1094 et
776 1041 912 1108 Arabum,
926 1044 976 1095 sub
988 1046 1074 1094 satan
1086 1042 1202 1095 'turcico
1218 1052 1244 1095 et
1260 1044 1405 1093 sadans

343 1124 450 1179 Persico
464 1126 630 1181 nominibus.

379 1215 483 1269 Accola
500 1217 599 1270 montis
613 1216 702 1271 Benna
721 1216 749 1270 in
767 1216 880 1271 Perside
897 1236 931 1271 ex
953 1218 1043 1290 stipite
1060 1200 1197 1270 vulnerato
1212 1216 1407 1270 terebinthina

343 1326 399 1361 non
416 1308 569 1381 exeipiuut3
587 1307 634 1361 sed
651 1309 708 1381 ipsa
722 1308 794 1381 ligna
808 1308 993 1363 comburendo
1007 1308 1124 1363 resinam
1140 1320 1310 1381 extorquent,
1320 1304 1405 1378 quoad

244 1454 251 1467 ,
342 1397 456 1449 colorem
474 1395 627 1468 spadiccum
646 1398 791 1449 obscurum
808 1397 997 1469 acquisiverit,
1013 1416 1074 1471 que
1086 1416 1138 1469 pro
1156 1394 1354 1471 colorisspeeie
1366 1395 1405 1467 pi.

342 1484 461 1538 ctoribus
472 1484 582 1539 inservit
597 1501 604 1537 :
619 1496 658 1537 est
670 1486 739 1537 enim
754 1481 837 1547 dura,
849 1484 960 1538 friabilis
974 1496 1001 1539 et
1011 1482 1163 1557 splendida.

378 1571 465 1645 Hujus
482 1584 507 1625 et
522 1582 678 1625 ceterarum
693 1570 882 1625 terebinthina
895 1572 1045 1645 specierum
1063 1588 1128 1626 usus
1144 1584 1185 1626 est
1197 1584 1319 1637 externus
1330 1582 1356 1623 et
1369 1570 1405 1623 ie·

344 1674 444 1717 ternus.
462 1662 579 1716 Externe
592 1662 696 1717 admota
711 1662 831 1726 emollit,
844 1661 956 1736 digerit,
972 1662 1098 1726 discutit,
1112 1663 1351 1726 resolvit,bulcera
1364 1679 1403 1714 ex·

344 1762 454 1823 purg-at,
465 1762 491 1803 et
499 1750 609 1805 vulnera
618 1750 734 1804 recentia
746 1750 869 1823 glutinat.
877 1750 980 1803 Verum
990 1752 1048 1805 bec
1057 1750 1143 1805 resina
1153 1748 1226 1824 upud
1237 1768 1284 1805 nos
1293 1750 1326 1803 ad
1335 1766 1403 1801 naun

344 1850 484 1891 externum
496 1857 557 1892 raro
568 1838 720 1901 adhibetur,
734 1858 821 1912 qurum
829 1838 923 1893 larices
932 1841 1066 1913 vulgatior
1079 1839 1124 1904 sit,
1134 1839 1402 1913 miuuspretiosa,uee

344 1925 445 1979 viribus
452 1926 573 1981 infer-ior.
581 1928 682 2000 Sepius
690 1926 724 1979 ad
734 1944 812 1979 usuru
823 1927 958 1980 internum
964 1927 1160 1999 prescribitur,
1167 1946 1250 2001 quum
1257 1925 1403 1980 utrumn

345 2012 388 2067 sit.
400 2014 476 2067 luter
490 2014 642 2069 vulnereris
660 2026 687 2068 et
699 2014 843 2069 britannice
858 2013 1052 2068 medicamenta
1066 2029 1230 2069 recensetur.
1243 2016 1338 2069 lieven
1348 2011 1399 2065 iusi

345 2099 405 2171 guis
414 2112 454 2153 est
463 2103 520 2174 ejus
533 2102 639 2173 energia
651 2100 686 2155 ad
701 2101 804 2154 iuterna
813 2100 923 2155 bulcen-a
935 2101 1138 2156 mundificanda
1150 2115 1176 2156 et
1188 2100 1364 2173 absegmen.
1374 2098 1400 2150 lu

345 2188 516 2259 pulmonum,
531 2188 691 2255 ventriculi,
708 2189 910 2255 intestinorum,
923 2189 1043 2261 hepatis,
1057 2208 1171 2259 renum,
1182 2192 1293 2254 sesiee,
1304 2202 1330 2243 et
1339 2198 1398 2241 rete·

345 2292 437 2329 rorum
451 2278 585 2331 uiscerum
604 2278 869 2332 exhulcerationibus
889 2279 990 2332 utiliter
1001 2279 1195 2352 prescribitur.
1215 2280 1323 2334 Confert
1331 2276 1398 2328 neten

345 2364 423 2428 tussi,
444 2378 522 2438 sputo
543 2366 701 2444 purulento,
720 2378 747 2419 et
766 2366 902 2438 incipienti
921 2366 1031 2438 phthisi.
1047 2367 1145 2421 Urinss
1163 2381 1302 2440 prouocet,
1319 2380 1399 2435 easque

345 2452 430 2507 odore
445 2453 564 2508 violaceo
577 2452 734 2526 perfundite
755 2453 826 2507 salet
845 2454 880 2507 ad
896 2455 981 2508 urina
1001 2455 1145 2522 ardorem,
1164 2457 1396 2529 suppressionem!

348 2540 508 2611 nephritim,
525 2540 547 2596 si
563 2541 596 2595 ab
615 2542 683 2607 acri,
700 2540 785 2615 spisso
798 2559 830 2594 ac
846 2538 984 2613 glutinoso
999 2561 1059 2596 sero
1078 2544 1208 2599 oriantur.
1224 2545 1299 2617 sepe
1309 2555 1397 2615 quoqu?

348 2629 470 2682 arenulus
483 2630 574 2703 pellit,
589 2648 679 2683 serum
691 2628 824 2683 siscidum
833 2648 888 2701 quo
899 2630 1152 2702 agglomerabantur
1161 2632 1306 2687 sels-do:
1320 2646 1394 2683 vem

349 2734 404 2769 non
417 2716 568 2771 exhibenda
581 2728 635 2781 eet,
644 2718 710 2789 quin
724 2717 801 2788 prius
814 2716 904 2771 sedata
918 2716 999 2771 fuerit
1009 2718 1196 2773 infirmatio.
1210 2722 1253 2773 Ab
1264 2738 1295 2775 ee
1307 2731 1395 2792 quoque

346 2804 550 2872 abstinendum,
564 2806 711 2859 siralculue
724 2804 793 2859 adsit
805 2804 832 2857 io
846 2806 955 2859 renibus
966 2810 1052 2879 major
1061 2825 1144 2879 quam
1154 2822 1185 2861 ut
1197 2826 1247 2881 per
1255 2810 1311 2861 rias
1322 2804 1391 2857 urinu-

347 2893 398 2945 rias
410 2893 557 2967 transgredi
568 2894 670 2966 possit:
686 2905 752 2947 tunc
765 2893 835 2947 enim
845 2904 891 2947 uut
899 2894 999 2947 inutilis
1008 2908 1060 2958 est,
1074 2914 1157 2968 quum
1170 2916 1225 2950 nou
1240 2897 1274 2950 sit
1283 2890 1391 2949 litbuutri·

348 2982 420 3052 ptica
431 2998 439 3045 ι
450 2995 496 3035 aut
507 2994 608 3055 purtem
617 2986 671 3055 jnm
685 2981 719 3036 ad
734 2982 970 3037 inflammationem
986 2984 1143 3056 dispositam
1157 2985 1285 3039 incendit„
1298 2984 1389 3035 Verun-

347 3082 434 3123 tnmeu
443 3087 460 3122 a
468 3068 628 3138 quibusdam
640 3068 749 3124 medicis
758 3067 794 3122 sd
806 3070 951 3142 nephritim
961 3071 1170 3141 precavendum
1184 3070 1331 3125 diuturnior
1338 3066 1391 3120 illu

347 3174 410 3209 usus
423 3156 612 3227 prescribitur,
621 3174 781 3229 quonempe
794 3174 883 3211 serum
891 3157 1022 3211 siscidum
1033 3160 1205 3212 arenularum
1218 3172 1247 3213 et
1257 3158 1389 3214 calculorum

345 3260 425 3297 cuusa
438 3242 598 3299 dissolvitur.
615 3244 718 3316 Magne
728 3264 837 3317 qnoque
846 3258 908 3299 eunt
916 3246 1001 3317 ipsius
1014 3246 1108 3300 laudes
1121 3246 1149 3300 in
1166 3247 1285 3320 podagra
1296 3257 1319 3301 et
1326 3241 1388 3299 nuti·

346 3333 399 3384 bus
416 3330 600 3385 articularibus
617 3332 734 3397 morbis,
757 3332 779 3384 si
798 3331 957 3403 accipietur,
974 3345 1004 3385 ut
1021 3332 1100 3387 docet
1116 3337 1271 3401 Asicenne,
1286 3330 1388 3407 quentittt

348 3420 424 3473 nucis
442 3421 569 3474 avellana
588 3420 701 3491 singulis
718 3421 856 3473 matutinis
870 3424 963 3494 jejuno
980 3422 1138 3477 uentriculo.
1157 3423 1216 3477 Nec
1232 3426 1323 3478 mirum
1334 3413 1387 3491 Μ

346 3503 449 3558 calculo
461 3504 580 3569 confert,
594 3504 675 3556 ctiam
690 3502 816 3576 podagre
828 3503 969 3575 prodesse3
982 3522 1066 3577 quum
1079 3508 1190 3579 cogusti
1202 3495 1257 3559 siut
1269 3507 1305 3560 illi
1313 3498 1387 3558 uulf.

344 3604 370 3646 et
380 3590 501 3658 mundent
512 3606 619 3645 esuum
636 3592 818 3644 continentem
837 3609 884 3645 seu
898 3594 1036 3645 rosteriam
1049 3593 1181 3661 babesnt;
1195 3594 1270 3649 uode
1283 3611 1329 3647 uou
1341 3602 1385 3642 πω

343 3684 369 3734 in
388 3698 416 3734 se
432 3692 527 3735 mutuo
537 3690 753 3735 transmutentur.
765 3680 860 3733 Alvum
873 3700 981 3755 quoquue
993 3693 1098 3745 moret,
1111 3693 1139 3734 et
1152 3684 1287 3755 purgandi
1298 3674 1385 3737 euenit
1411 3668 1415 3679 ’

344 3770 453 3823 senibus
469 3770 570 3841 optime
584 3780 611 3823 et
628 3768 686 3822 eine
702 3786 771 3822 nors
783 3788 798 3823 a
809 3771 913 3824 Galeuo
930 3781 1054 3834 uocatur,
1066 3771 1099 3825 ad
1114 3773 1317 3843 magnitudinem
1329 3762 1384 3821 uada

344 3857 458 3911 Ponticos
471 3856 627 3928 etamplius
640 3856 789 3929 propinate.

378 3946 419 4000 lix
430 3944 609 3999 terebinthina
626 3944 694 3998 Cbla
712 3945 835 4017 spiritus,
851 3946 956 4011 oleum,
977 3949 1063 4000 resina
1079 3966 1127 4001 seo
1139 3948 1298 4019 colophonia
1310 3956 1382 4017 punt·

341 4035 392 4088 ruri
405 4046 524 4106 possunt.
541 4032 592 4085 Sed
609 4033 663 4086 hnc
674 4046 819 4105 praeparata
832 4074 839 4093 ,
859 4035 894 4086 ob
904 4036 986 4105 hujus
999 4034 1185 4089 terebinthiuae
1197 4037 1383 4094 delectumiffl’

339 4126 366 4177 in
378 4122 493 4177 nl'licinis
507 4121 691 4193 reperiuntur3
708 4138 791 4191 quum
807 4121 915 4193 insuper
925 4122 1106 4175 terebinthina
1116 4125 1212 4178 larices
1225 4130 1335 4196 majorem
1346 4114 1381 4186 Ψ
