2925 5009
336 396 411 528 ‘nr
613 446 1135 518 diuturnissimo.

339 575 440 647 dere:
466 600 565 672 quem
591 600 719 649 mosem
745 582 844 651 ctiam
873 606 965 651 nnnc
996 564 1137 650 durate⁵
1159 578 1253 674 apud
1269 583 1416 654 Germa·

339 708 401 753 nos
420 708 500 753 scio.

306 822 318 857 1
392 792 432 857 V.
460 781 862 881 (v.)1)0natus⁵estea
884 798 922 865 1.
947 795 1073 865 Siccius
1094 795 1264 863 Dentatus
1290 790 1415 873 semel,

336 921 440 991 quum
454 898 833 994 civicnsquatuordecim
843 902 1029 989 meruisset,
1037 900 1330 995 depugnassetque
1341 922 1415 968 cn

337 1002 457 1097 praeliis
475 1028 606 1101 semper
624 1007 741 1076 victor.
763 1010 871 1079 Tanto
889 1010 995 1078 rarius
1011 1023 1062 1077 est
1081 1021 1284 1077 servatorem
1303 1028 1414 1075 unum

337 1132 357 1177 a
375 1110 512 1181 servatis
532 1108 668 1182 donari!
687 1113 832 1203 Quidam
857 1116 1072 1210 imperatores
1095 1126 1130 1183 ct
1151 1114 1272 1208 saepius
1292 1111 1412 1182 donati

341 1231 438 1303 sunt,
458 1215 560 1287 veluti
574 1220 609 1287 P.
627 1218 874 1309 Decius'Mus‚
893 1220 1046 1292 tribunus
1064 1218 1228 1305 militum,
1250 1218 1294 1287 ab
1314 1244 1411 1287 exer·

337 1323 405 1393 citu
416 1348 424 1391 :
434 1320 537 1393 altera
550 1324 593 1393 ab
606 1324 673 1413 his,
691 1328 748 1422 qui
763 1328 798 1397 in
811 1328 964 1422 praesidio
974 1327 1099 1397 obsessi
1113 1326 1266 1412 literam,
1281 1339 1411 1425 quapta

335 1443 423 1500 esset
442 1429 512 1524 ejus
536 1429 672 1503 honoris
689 1436 889 1521 auctoritas,
909 1433 1080 1505 consessus
1105 1431 1288 1527 religione:
1313 1434 1411 1526 siqui

334 1534 410 1607 dem
430 1536 574 1607 donatus
591 1537 710 1609 bovem
729 1538 842 1610 album
864 1542 968 1612 Marti
988 1538 1192 1623 immolavit,
1214 1552 1251 1608 et
1269 1554 1409 1609 centum

334 1641 460 1730 fulvos,
472 1645 529 1737 qui
542 1646 572 1713 ei
588 1646 718 1715 virtutis
732 1672 833 1718 causa
848 1648 916 1717 dati
926 1648 1058 1717 fuerant
1076 1644 1175 1715 simul
1193 1646 1237 1715 ab
1251 1645 1407 1715 obsessis.

334 1750 399 1819 Hic
417 1747 540 1821 Decius
555 1767 669 1847 posteo
685 1778 720 1821 se
734 1754 868 1842 consul,
886 1738 1092 1849 imperioso³
1107 1751 1254 1847 collega,
1273 1777 1341 1847 pro
1359 1754 1406 1819 vi·

299 1857 438 1927 ..curia
460 1844 624 1927 devovit⁴.
644 1862 732 1930 Data
750 1875 801 1929 est
822 1875 856 1931 et
870 1883 890 1929 a
905 1875 1022 1931 senatu
1040 1856 1231 1953 populoque
1249 1882 1405 1941 romano,

375 2040 400 2095 5.
413 2041 489 2111 Quem
501 2044 668 2092 monmeliant
678 2040 846 2093 nonedtsrore.
881 2039 957 2093 Idem
985 2039 1067 2093 trudit
1091 2040 1169 2093 etiam
1194 2040 1302 2106 Utine,
1328 2042 1403 2101 Vll.

332 2120 368 2174 Et
382 2120 410 2173 in
426 2120 555 2173 Vasconis
574 2118 716 2192 hodieque.
733 2122 764 2172 ln
781 2120 847 2173 For·
881 2140 942 2191 pag.
959 2120 1032 2175 133:
1059 2146 1070 2166 ι
1087 2120 1216 2193 Legiones
1237 2124 1401 2193 gramineam

333 2200 412 2253 mulis
438 2200 585 2267 veteribus,
606 2218 636 2254 es
659 2218 719 2272 que
741 2212 782 2253 est
802 2220 847 2253 os·-
881 2218 1009 2254 coronsm
1032 2200 1273 2255 obsidionalem..
1293 2203 1398 2256 ‚Decio

332 2278 396 2335 dine
410 2280 494 2341 xlx,
509 2280 637 2333 traditoria
652 2280 682 2333 de
696 2293 779 2340 terra,
796 2280 847 2333 bu·
881 2281 1038 2351 imponunt,
1057 2282 1139 2334 slters
1158 2298 1260 2333 corcus
1275 2282 1398 2354 ejnsdess

330 2360 639 2432 juscemorisrestigiutn
649 2371 772 2431 sersstp.
783 2359 847 2426 134,
881 2360 994 2415 bononis
1006 2360 1129 2426 indes,a
1144 2359 1269 2431 presidio
1285 2382 1339 2415 sno
1353 2363 1400 2416 im·

332 2438 374 2493 bis
388 2440 492 2495 serbis:
507 2466 520 2490 ι
532 2440 584 2493 Vel
598 2440 723 2504 herbam,
740 2440 781 2492 sel
793 2452 846 2493 ter·
882 2442 966 2512 posits
975 2454 1022 2497 est.
1034 2440 1080 2493 His
1089 2439 1229 2495 decoratus
1241 2442 1399 2513 insignibus,

331 2538 388 2574 sam
404 2520 475 2573 visus
491 2519 541 2573 tuit
554 2517 702 2573 tradidisse.
718 2544 730 2566 ι
748 2521 789 2572 De
806 2520 848 2574 bis
881 2521 978 2574 bovem
991 2521 1119 2573 eximium
1133 2520 1215 2573 Marti
1228 2520 1396 2575 immolavit:

331 2599 516 2671 similibusque
543 2597 694 2652 trsditionis
717 2600 848 2669 symbolis
881 2613 988 2653 centum
1000 2602 1081 2655 boses
1088 2600 1218 2653 militibus
1225 2599 1302 2654 dono
1313 2600 1397 2664 dedit.

331 2680 413 2733 multa
437 2676 590 2751 pererudite
615 2678 656 2732 Cl.
678 2679 846 2750 Dunsngins,
880 2680 928 2751 qui
936 2698 1025 2733 secum
1035 2680 1063 2731 in
1073 2677 1247 2749 expeditione
1257 2681 1392 2736 inerant·

331 2761 358 2813 in
372 2760 459 2814 Gloss.
474 2759 557 2812 verbo
572 2762 720 2813 investitura.
737 2759 829 2814 Hanu.
881 2760 911 2813 P.
924 2759 1022 2813 Decios
1034 2773 1111 2830 pater
1123 2759 1145 2813 is
1155 2760 1221 2825 tuis,
1230 2758 1266 2813 de
1278 2778 1335 2831 quo
1344 2767 1394 2833 jam

369 2839 406 2894 V.
426 2855 451 2893 t.
466 2839 579 2892 Donatus
594 2850 630 2890 est
645 2858 688 2901 ea,
706 2850 758 2891 etc.
772 2839 844 2893 Pro·
879 2850 956 2893 antes
968 2838 1071 2893 dictum
1083 2852 1140 2903 est,
1155 2838 1240 2905 xvl,
1255 2841 1282 2893 5.
1292 2840 1395 2895 intelli·

218 2942 221 2949 =
329 2930 369 2973 ter
380 2916 847 2990 bos,quosmemorstanctor‚dste
879 2918 951 2990 gitur
980 2937 1061 2991 posto
1090 2923 1123 2971 ad
1153 2918 1277 2973 Veserim
1307 2939 1393 2993 pngns

328 3010 366 3053 est
385 3011 412 3053 et
430 2997 465 3065 Q.
479 2998 668 3053 Cincinnatos
684 2997 803 3051 Minutio
818 3010 845 3052 et
879 2998 1025 3053 Samnitico
1041 2998 1121 3053 bello.
1137 2998 1231 3054 lisso.

328 3089 386 3133 toto
400 3079 532 3145 exercitn3
545 3078 584 3132 Μ.
596 3077 705 3131 Valerio
722 3078 844 3145 consuli,
920 3078 947 3131 3.
968 3080 1106 3148 Imperioso.
1139 3078 1173 3131 Τ.
1195 3079 1300 3133 Msnlio
1325 3082 1392 3133 Tor·

326 3156 399 3213 bello
427 3170 501 3229 gesto
525 3170 616 3212 contre
644 3158 793 3226 Samnitem
816 3170 844 3213 et
878 3170 976 3229 quoto,
992 3158 1024 3211 L.
1039 3158 1133 3212 Msnlii
1151 3159 1292 3232 Imperiosi
1311 3158 1391 3214 diets·

326 3238 401 3292 lolio
413 3237 510 3293 Cnssri
534 3238 562 3291 in
578 3238 774 3310 expugnatione
789 3239 844 3291 mt-
879 3239 943 3291 toris
964 3236 1020 3291 filio
1044 3256 1104 3293 :eo
1124 3238 1173 3311 qui
1193 3238 1298 3303 iillum,
1321 3238 1390 3312 qnod

325 3318 482 3389 tylenssum.
493 3318 640 3372 Rostsstam
652 3318 755 3388 primus
767 3336 839 3373 acce·
881 3319 981 3389 injusso
998 3336 1047 3371 sno
1064 3329 1208 3391 pugnent,
1226 3320 1313 3373 ueni
1333 3338 1390 3392 pes·

325 3398 364 3470 pit
383 3400 489 3452 Marcus
508 3397 596 3451 Versu
612 3398 684 3454 bello
705 3398 835 3469 piratico,
881 3398 971 3451 cussit.
991 3399 1164 3452 Consulatum
1186 3399 1267 3452 stabo
1291 3416 1390 3470 gessere

323 3477 438 3533 donante
452 3478 598 3549 Pompeio,
612 3475 708 3531 deinde
719 3478 836 3550 Agrippa
881 3494 924 3531 sn.
945 3478 979 3531 U.
1002 3483 1069 3543 414.
1084 3479 1125 3531 De
1137 3478 1280 3549 Imperiosi
1295 3498 1388 3551 cogno·

322 3558 393 3613 bello
415 3556 505 3612 Siculo
525 3558 559 3611 ab
581 3558 712 3629 Angusto.
730 3558 838 3612 Primus
881 3556 1055 3629 mine‚qnod
1072 3558 1181 3628 aplebe
1192 3558 1311 3630 primum
1324 3557 1388 3613 indi·

322 3640 382 3691 Aul.
407 3638 526 3713 Postum.
551 3636 670 3690 Dictator
688 3635 723 3690 sd
747 3638 835 3699 lacum
880 3648 936 3689 tum
952 3649 1006 3698 est,
1026 3656 1089 3691 mox
1105 3638 1140 3691 sb
1161 3638 1221 3710 ipso
1236 3638 1338 3692 Manlio
1355 3636 1387 3692 sd

321 3718 465 3789 Regillum,
475 3716 567 3770 castris
576 3716 690 3770 hostium
700 3735 835 3789 expugna·
879 3717 986 3771 sevitias
1012 3718 1217 3771 ostentstionem
1243 3717 1386 3781 adscitum,

320 3797 354 3849 tis
373 3814 478 3851 suresm
500 3794 583 3849 dedit.
607 3797 682 3849 Alex.
703 3796 738 3849 ab
758 3798 834 3853 Alex.
878 3794 941 3850 ride
960 3797 1081 3861 Livium,
1097 3798 1148 3863 lv,
1161 3816 1191 3870 p.
1209 3799 1258 3869 76,
1277 3812 1306 3853 et
1324 3798 1386 3862 vll,

318 3876 416 3941 xxu,
432 3878 476 3929 ιθ.
493 3877 612 3929 Dss..-
624 3876 748 3931 Donatus.
763 3876 834 3931 Vide
877 3894 906 3948 p.
924 3894 986 3931 sss.
999 3878 1090 3930 lisso.

317 3974 378 4027 que
389 3954 507 4010 diximus
521 3954 592 4018 vn,
610 3976 654 4026 sq.
669 3956 759 4009 Hssn.
919 3964 945 4020 4.
965 3958 1017 4011 Pro
1040 3961 1144 4010 outone
1161 3956 1263 4012 deusde.
1284 3958 1382 4021 Lirim,

360 4055 385 4090 s.
406 4036 438 4089 Ρ.
454 4033 553 4088 Decius.
566 4036 745 4108 Transcripsit
760 4036 833 4092 bunc
877 4036 959 4103 vm,
975 4056 1002 4108 p.
1028 4036 1082 4107 139
1100 4050 1126 4091 et
1142 4044 1209 4103 sto,
1226 4050 1254 4091 et
1266 4038 1382 4093 Valerim

315 4116 407 4171 locum
440 4114 532 4177 Festus
560 4116 642 4175 serbo
665 4116 830 4177 obsidionalis.
877 4118 949 4171 Has.
960 4118 986 4181 1,
1000 4135 1028 4188 7,
1039 4135 1067 4171 n.
1081 4116 1108 4170 3.
1118 4114 1209 4171 lisso.
