2925 5009
322 434 391 525 dod
669 445 947 515 EXCURSUS
971 444 1035 513 v1.

317 560 381 616 enni
392 563 592 633 tempestatibus
602 562 730 627 enudat,
746 582 849 619 mnne
861 583 975 636 promes
991 566 1106 628 similie;
1116 566 1169 637 qui
1180 564 1289 618 ideireo
1301 580 1394 617 menes
1408 606 1409 642 t

318 650 411 703 letieee
433 650 542 719 dicitur,
563 653 644 724 vulgo
664 672 758 705 esouee
775 657 809 707 de
825 656 964 727 Brinnposs,
985 673 1005 707 u
1021 656 1083 709 loco
1101 653 1149 706 uhi
1170 652 1409 731 &nntium-2

317 750 558 865 peiiiiiiinnndum
571 826 610 865 est
622 812 830 869 terebinthinam
849 832 904 867 non
918 814 1000 868 modo
1013 834 1061 886 per
1074 832 1105 867 ns
1122 826 1277 885 sumptum,
1290 825 1337 865 eut
1347 828 1393 884 per
1409 841 1410 884 3

319 914 401 951 mum
421 897 564 971 injectam,
579 901 625 955 sed
645 902 723 955 etium
739 914 847 955 externe
859 901 1015 957 vulneribus
1035 901 1190 963 edmotsm,
1210 902 1299 953 immo
1315 899 1392 971 ipsius

320 984 476 1061 spirituoeus
486 1004 518 1039 en
529 988 650 1042 volatiles
664 1002 754 1061 partes
762 989 846 1043 odore
857 989 914 1043 solo
923 990 1033 1044 neribus
1044 1002 1070 1043 et
1080 989 1257 1061 pulmonibus
1262 998 1391 1057 exneptte,

320 1072 412 1125 urinss
424 1072 491 1127 eden
505 1076 622 1140 efficere,
643 1089 672 1131 ut
690 1077 821 1131 violarum
841 1077 953 1131 odorem
966 1079 1093 1131 reserent.
1112 1076 1194 1129 Unde
1209 1072 1391 1131 oonelodisnee

321 1162 528 1217 terebinthinam
542 1166 612 1220 sires
628 1184 688 1219 sues
705 1185 830 1225 exercere
846 1167 1014 1239 potissimum
1032 1165 1181 1239 spiritunsis
1198 1182 1232 1217 so
1242 1162 1390 1217 volstilibne

321 1249 376 1302 suis
388 1248 543 1321 pertitulis,
562 1270 623 1325 que
637 1252 715 1307 senile
724 1273 773 1326 per
785 1266 870 1306 totum
882 1272 981 1325 eorpus
992 1252 1198 1315 diffunduntur,
1211 1268 1325 1305 messem
1337 1268 1389 1301 see·

321 1338 444 1409 guinesm
452 1376 460 1401 ,
468 1352 629 1412 ceterosque
638 1341 764 1395 humores
773 1342 903 1405 subeunt,
914 1341 1040 1395 dividunt
1055 1356 1082 1395 et
1093 1353 1252 1403 attenuent,
1264 1352 1315 1393 ete.

356 1424 548 1481 Terebinthins
566 1429 665 1484 larices
687 1428 781 1483 iisdem
797 1447 829 1483 eo
848 1429 991 1483 terebinthi
1005 1430 1094 1483 resine
1109 1429 1259 1483 virtutibus
1268 1426 1387 1491 dmster,

321 1524 348 1564 et
360 1511 433 1583 opud
451 1532 499 1567 nos
510 1516 544 1569 sd
558 1534 635 1571 nsum
648 1518 784 1571 internum
798 1536 855 1590 prm
868 1518 970 1572 ceteris
978 1518 1163 1589 snteponitur.
1177 1517 1327 1569 hebenina
1337 1526 1387 1578 ee,

321 1599 488 1665 vulnereris,
507 1603 659 1670 diuretics,
679 1618 705 1657 et
724 1605 814 1658 slsum
828 1606 907 1659 simul
926 1607 1074 1659 moset.1n
1095 1605 1273 1676 pulmonum,
1284 1622 1385 1662 reuen-

320 1687 415 1743 resine
439 1702 465 1744 et
491 1704 645 1747 ceterorum
660 1694 793 1747 viseerum
811 1694 1073 1748 esbuiceretionihus
1087 1694 1190 1747 utiliter
1203 1693 1383 1766 praemitur.

321 1776 414 1848 Magni
427 1788 467 1833 est
480 1798 545 1835 usne
556 1782 585 1835 in
594 1783 754 1851 gonorrhme
767 1782 892 1837 et'dnnre
904 1784 967 1835 albo
982 1782 1118 1837 muliebri.
1131 1781 1174 1835 sd
1188 1782 1318 1835 viseerum
1326 1798 1382 1851 epe·

321 1877 431 1921 stemsts
441 1870 597 1925 resolvenda
608 1872 649 1925 tel
659 1871 819 1927 meturende
828 1872 976 1945 plurimum
987 1872 1107 1936 contem
1117 1871 1252 1943 siquidem
1263 1886 1382 1925 mune*

321 1972 402 2027 quem
416 1956 586 2027 purulentem
606 1961 745 2013 meterism
761 1978 777 2015 e
795 1972 872 2031 perte
890 1960 988 2015 silente
1003 1960 1148 2024 subducit,
1161 1974 1187 2013 et
1199 1979 1250 2033 per
1267 1956 1381 2013 nsiusrier

322 2042 381 2095 vise
398 2043 469 2097 iores
487 2064 551 2099 oum
564 2046 649 2100 urinis
661 2047 793 2101 emendet.
816 2049 838 2100 Α
851 2048 960 2101 Riverio
974 2060 1002 2101 et
1015 2042 1081 2101 still
1088 2048 1201 2101 medicis
1214 2044 1379 2101 celeberrimis

320 2132 523 2187 oommendstur
535 2134 570 2189 ed
581 2136 699 2190 esloulos
713 2154 808 2189 renum
823 2136 1031 2208 precavendum
1048 2148 1076 2191 et
1091 2136 1196 2191 ceteris
1213 2134 1380 2191 dioretidtet

323 2219 409 2291 megis
422 2222 603 2293 anteponitur,
615 2222 690 2294 quod
706 2222 796 2277 urinse
809 2222 943 2276 movendo
955 2223 1136 2276 simulelsnm
1145 2223 1230 2284 leret,
1241 2222 1276 2275 ite
1287 2234 1379 2273 uteres

322 2306 404 2361 eiures
417 2307 545 2364 humores
558 2311 606 2383 qui
619 2310 654 2363 eb
666 2309 726 2363 eliis
739 2307 878 2363 diuretieis
890 2309 926 2364 ed
941 2330 1018 2365 renes
1030 2309 1240 2373 deducerentur,
1249 2310 1377 2381 perslm

321 2390 506 2453 deturbentur.

359 2482 397 2537 De
414 2485 496 2540 modu
511 2488 717 2543 terebinthinam
726 2490 859 2543 Venetsm
873 2486 1083 2561 prescribendi,
1098 2487 1171 2541 idern
1189 2486 1328 2541 dioeudnn
1345 2496 1377 2535 est

321 2570 395 2643 quod
409 2572 443 2627 de
456 2574 565 2649 Cypris.
579 2577 729 2633 Exhibetnr
740 2578 811 2632 enim
822 2578 873 2631 suh
886 2578 973 2631 forme
984 2578 1039 2631 boli
1053 2591 1100 2631 snt
1113 2578 1268 2650 pilularum,
1276 2576 1315 2628 rel
1323 2590 1374 2627 eun

323 2660 365 2713 ovi
380 2662 471 2716 vitello
481 2665 576 2719 solute.
594 2669 614 2719 Α
627 2666 717 2720 multis
730 2685 801 2739 eque
815 2667 952 2720 communi
965 2679 1012 2719 sut
1026 2666 1079 2719 elio
1093 2666 1197 2737 liquore
1210 2665 1291 2718 lsseri
1301 2662 1374 2715 solet:

322 2750 356 2801 nb
372 2750 432 2803 eliis
450 2752 501 2806 levi
515 2753 637 2808 coctione
655 2755 681 2807 in
695 2773 808 2809 messem
821 2754 1022 2809 solidiusoulsm
1037 2753 1204 2825 inspirentur.
1217 2751 1270 2807 Sed
1287 2748 1374 2803 inutilis

322 2847 361 2891 est
373 2840 429 2910 ejus
441 2841 545 2906 unctio,
567 2842 632 2895 lotio
649 2860 712 2897 tero
731 2860 787 2895 nou
805 2842 890 2915 rengis
909 2842 1004 2895 utilis:
1022 2842 1122 2895 lotione
1141 2843 1214 2895 enirn
1230 2854 1256 2894 et
1269 2838 1373 2893 eontinet

320 2926 442 2997 plurime
452 2928 508 2999 ejus
520 2930 657 3002 perticulee
669 2930 777 2983 evolent
790 2945 816 2983 et
829 2930 1003 3001 dissipentur.

356 3012 484 3085 Ejusdem
498 3030 604 3073 externe
616 3018 742 3073 sdhibitse
753 3019 791 3071 ris
804 3019 947 3073 belesmice
956 3029 983 3071 et
993 3017 1143 3071 vulnereris
1152 3018 1214 3071 setis
1224 3014 1370 3089 predioster·

323 3098 401 3155 Unde
413 3102 517 3157 nullum
531 3104 614 3159 imme
624 3104 811 3171 linimentum,
823 3106 929 3160 nullum
941 3106 995 3157 iere
1006 3106 1200 3177 emplastrum,
1213 3104 1254 3157 rel
1266 3116 1372 3173 ungu·

321 3201 378 3243 tum
395 3189 429 3245 sd
446 3192 556 3247 vulnere
573 3208 600 3248 et
618 3194 729 3249 hulcere
747 3208 804 3258 eet,
823 3193 899 3265 qnod
921 3193 1098 3248 terebinthiue
1113 3195 1232 3255 Venete,
1252 3204 1369 3259 tanqum

322 3279 411 3333 enimn
424 3294 450 3335 et
463 3299 577 3354 corpus,
591 3280 680 3354 inquit
689 3280 878 3345 Ettmolierus,
890 3300 944 3333 non
957 3280 1131 3353 ingredietur.

357 3369 398 3423 Ex
413 3370 591 3425 terebinthina
605 3369 634 3422 iu
649 3368 767 3422 officinis
777 3369 901 3441 spiritus,
920 3368 1012 3423 oleum
1024 3363 1367 3435 terebinthiueeti'alupbtu

322 3465 365 3519 nie
377 3472 570 3535 properentur.

357 3550 471 3625 Spiritus
486 3546 670 3603 terebinthina
685 3546 788 3601 interne
800 3546 943 3601 exhibetur
956 3544 991 3600 ed
1006 3558 1095 3618 guttas
1108 3545 1221 3617 sliquos.
1234 3543 1366 3610 Uriosspt

324 3652 410 3694 tenter
425 3648 531 3689 movet:
553 3634 679 3688 convenit
699 3635 727 3687 in
748 3635 833 3689 urina
851 3635 1072 3706 suppressiones
1094 3652 1175 3687 muco
1193 3630 1308 3705 spissiore
1323 3626 1368 3677 viti

323 3724 455 3783 urinaries
467 3724 637 3785 inseruiente,
656 3723 684 3775 in
700 3722 782 3777 mictu
793 3736 906 3778 eruente
923 3742 954 3777 ec
968 3722 1114 3795 purulento
1126 3722 1162 3774 eb
1174 3721 1277 3773 huloese
1287 3730 1365 3770 reus!¹

323 3828 348 3870 et
362 3814 454 3869 ussine
467 3810 600 3877 oriundo,
613 3812 639 3862 in
655 3811 843 3865 effectionibus
857 3812 1026 3882 pulmonum.

358 3906 393 3957 ln
404 3900 543 3974 pleuritide
553 3902 621 3955 abst
628 3900 729 3953 tholetu
738 3899 954 3965 commendatur,
964 3898 1038 3971 quod
1045 3900 1186 3952 humorem
1194 3898 1218 3949 in
1225 3888 1363 3949 rhmoeie·

325 4006 432 4065 pectunt
450 3990 549 4047 solent.
562 4002 588 4042 et
599 3988 632 4041 nd
648 3990 703 4040 virs
717 3988 849 4041 urinarias
869 3988 940 4041 tetici
950 4007 1011 4041 cnm
1029 4006 1151 4040 successu
1170 3982 1363 4057 pendentilem

323 4084 413 4136 oleum
429 4077 527 4131 ssavum
540 4077 609 4129 intus
624 4076 788 4147 propinatur.
799 4076 915 4130 Externe
929 4076 1037 4147 spiritus
1048 4087 1073 4129 et
1087 4075 1173 4127 oleum
1188 4064 1361 4143 temqututbfll·

325 4168 420 4229 sentito
431 4178 456 4221 et
468 4164 618 4219 vulnerarer
632 4164 800 4215 adhibentur.
