2925 5009
298 457 361 525 DE
386 457 602 526 Hontttttt
627 455 918 526 NEPENTHE.
1076 453 1140 524 165

104 575 221 645 treceptis
231 574 395 642 excidamus,
414 595 479 650 que
497 579 587 644 ἄχολον
602 575 666 638 illud
683 575 832 647 nepenthes
849 575 1004 648 epitheton,
1025 587 1055 627 ut
1067 575 1143 630 aliter

105 661 324 733 interpretaremur,
339 665 441 720 allexit.
455 664 534 718 Haud
548 663 621 718 enim
634 661 745 718 dissidat
761 665 828 718 iram
842 675 870 716 et
883 681 1024 716 maerorem
1042 661 1145 728 delere,

103 765 168 818 qttttm
178 770 221 821 per
232 755 399 824 soporiferam
409 755 464 806 rim
478 752 507 806 id
521 751 675 823 contingere
692 751 867 804 affirmemus.

45 873 46 890 2
128 836 291 910 soporiferum
307 853 396 896 autern
412 841 562 913 nepenthes
578 841 673 903 inisse,
687 853 711 892 et
727 841 806 894 Poeta
817 840 901 892 etiam
919 837 1040 904 indicat,
1057 858 1143 912 quum

45 931 47 962 ἰ
101 923 165 994 paulu
177 939 231 998 pust
240 929 319 1000 ipsias
332 931 474 998 haustum,
487 929 592 984 inducit
607 929 797 983 Telemachum
812 927 963 992 dicentem,
972 925 1069 1000 Odyss.
1085 928 1124 980 tv
1138 946 1145 981 ε

45 1007 47 1042 ³
234 1028 291 1089 dii’
302 1038 374 1108 ἄγιν·
388 1039 421 1099 sie
436 1039 504 1096 νόννὴν
523 1041 621 1109 τρόπιθ’
634 1038 732 1108 alpina,
743 1038 805 1108 όρρα
819 1055 860 1090 aas
873 1031 925 1094 sis

234 1110 302 1195 Ῠπννρ
314 1127 363 1178 tes
376 1131 486 1198 γλυκερῷ
499 1125 647 1197 ταρπώμεθα
664 1129 826 1198 καμαόόντας.

230 1222 276 1272 sest
284 1225 348 1286 agite
358 1223 388 1271 ad
401 1223 481 1270 cubile
491 1224 572 1271 ducite
585 1240 640 1280 nos,
652 1235 679 1271 ut
687 1227 736 1287 jam

228 1299 316 1345 Sonam
327 1299 394 1346 dulci
404 1299 548 1348 delectemur
559 1301 707 1348 dormientes.

45 1441 47 1496 ρ
99 1411 139 1466 Sed
149 1416 276 1488 quoniam,
284 1419 374 1490 gravis
384 1430 411 1472 et
420 1419 478 1492 ipse
489 1432 592 1486 auctor,
599 1421 758 1474 Plutarchus
771 1419 799 1472 in
809 1420 942 1474 Problem.
950 1421 1147 1484 convivalibus,

99 1500 134 1553 ib.
145 1504 170 1566 1,
180 1518 267 1576 quest.
280 1509 308 1570 5,
320 1515 369 1560 risa
382 1511 521 1562 ὑανωταῶν
536 1509 669 1580 φαρμάκων
682 1507 750 1562 duas
761 1511 861 1580 species
871 1522 1006 1562 recenset:
1018 1513 1149 1580 μηκώνιον,

45 1649 46 1666 3
97 1587 118 1639 id
127 1603 175 1654 est,
187 1597 277 1661 ορίναι,
289 1595 333 1647 καὶ
349 1593 543 1668 μανδραγόραν,
555 1612 579 1648 et
590 1599 784 1664 mandragoram
795 1618 804 1648 :
815 1615 954 1668 quamque
965 1615 1010 1662 ea,
1021 1615 1081 1669 quac
1092 1601 1147 1672 jam

97 1673 180 1731 dedum
191 1680 224 1734 de
236 1701 372 1755 papavere
387 1684 468 1737 relata
483 1695 559 1747 saut,
572 1684 607 1736 ab
623 1683 734 1737 Homeri
747 1683 901 1738 narratione
911 1703 966 1738 non
979 1685 1067 1739 aliena
1073 1684 1147 1759 judi-

95 1764 207 1831 carinur,
224 1769 335 1824 sortasse
350 1771 429 1824 etiam
442 1770 476 1825 ad
489 1789 550 1824 eum
564 1770 740 1842 mandragora
756 1773 908 1843 pertinebit.

123 1855 201 1910 &aas
212 1859 281 1912 enim
294 1861 391 1931 plantae
405 1871 445 1913 est
459 1859 702 1931 soporiferum(r),
718 1859 766 1914 aed
777 1861 946 1915 aVeteribus
959 1862 1148 1935 superstitione

45 1993 46 2002 ,
96 1955 244 2010 tenentum,
257 1966 272 2000 a
286 1947 372 2017 Magis
386 1946 513 2019 religione
526 1947 711 2014 observatum,
729 1959 754 2000 et
770 1948 800 2000 in
814 1949 950 2002 amatoriis
962 1949 1116 2021 potionibus
1132 1971 1147 2003 a

45 2033 46 2046 ¹
96 2028 166 2096 (ires,
175 2033 244 2088 nude
253 2035 383 2088 Circseam
392 2033 505 2096 dictant,
522 2048 552 2088 ut
561 2033 730 2088 Dioscorides
739 2034 846 2109 inquit,
861 2037 914 2099 tv,
924 2043 958 2108 74
969 2076 978 2102 ,
988 2035 1148 2090 adhibitum.

96 2115 162 2190 Cujus
173 2121 319 2175 effodiendi
331 2123 399 2176 ritus
414 2141 478 2178 sane
492 2121 563 2176 hand
577 2121 837 2194 praetermittendus,
851 2142 932 2196 quent
946 2123 1148 2196 Theophrastus

96 2219 116 2256 et
125 2207 212 2264 Plinius
226 2213 328 2266 referre
341 2231 430 2286 operas
447 2213 565 2285 pretinm
577 2211 740 2278 judicarunt.
755 2212 969 2286 Theophrastus,
979 2213 1063 2267 Plant.
1077 2214 1147 2268 ttius,

97 2293 131 2348 iit.
139 2296 187 2364 Vl,
198 2319 255 2373 cap.
271 2322 304 2356 rr
318 2322 325 2354 :
337 2303 497 2374 Περιγρᾶραν
509 2297 539 2354 dl
553 2303 595 2356 aui
608 2302 652 2360 ’.ἣν
669 2297 843 2374 μανδραγόραν
855 2304 888 2365 αἶς
902 2305 965 2373 τρεῖς
978 2303 1148 2378 ξίριι,τόμνιιν

45 2417 46 2420 =
95 2381 119 2437 di
131 2391 181 2458 epig
198 2392 305 2458 όαπόραν
321 2389 455 2446 blisenna·
466 2393 507 2444 τὸν
522 2388 553 2444 di
571 2393 650 2462 ἕτερον
669 2392 749 2460 κύκλῳ
762 2394 956 2461 inpregnata,
968 2393 1012 2446 nal
1023 2393 1102 2463 λόγιιν
1117 2397 1148 2454 ὣς

96 2477 184 2530 estne
194 2480 250 2548 sepi
263 2475 421 2551 dppadtalca.
433 2478 556 2544 Quorum
566 2495 674 2532 sensas:
694 2503 705 2524 ι
713 2477 945 2531 circumscribunt
956 2490 983 2532 et
991 2478 1150 2552 mandrago-

96 2577 139 2612 tettt
151 2563 235 2632 gladio
248 2575 308 2629 ter,
319 2577 463 2637 necantque
478 2563 513 2618 ad
528 2583 654 2618 occasum
669 2576 840 2637 spectantes:
854 2567 950 2639 jubent
963 2577 990 2619 et
1003 2565 1084 2619 alium
1098 2568 1150 2620 sal-

45 2645 46 2648 '
95 2657 176 2703 tantun
188 2651 308 2724 tripudio
321 2653 481 2725 circumagi,
497 2653 634 2726 multaque
646 2652 681 2709 de
693 2653 806 2706 Veneris
816 2672 868 2708 usu
881 2665 909 2708 et
921 2672 950 2710 re
962 2653 1062 2708 dicere.
1074 2681 1086 2703 ι
1097 2655 1150 2708 Pli-

96 2735 155 2802 tias,
168 2741 213 2794 lib.
224 2743 317 2806 XXV,
332 2761 391 2814 cap.
411 2760 462 2807 rr,
478 2742 569 2808 addit,
585 2756 701 2798 «carent
720 2743 817 2796 fossum
834 2745 999 2797 contrarium
1017 2756 1149 2811 rentum,

45 2851 47 2896 ς
96 2837 152 2878 etr.»
162 2831 267 2896 Quibus
278 2829 438 2885 cerimoniis
449 2831 586 2885 nobilitata
599 2828 794 2902 mandragora,
806 2831 878 2884 velut
895 2831 998 2904 insigne
1011 2831 1150 2903 quoddam

45 2913 47 2948 ³
96 2913 233 2968 euentum
243 2955 251 2980 ,
263 2917 341 2970 facile
355 2928 487 2971 meruerat
501 2917 617 2971 Helenes
633 2917 693 2972 lieri
707 2917 827 2986 donum,
846 2930 872 2972 et
886 2920 920 2971 ab
935 2918 1029 2973 eadem
1043 2931 1152 2991 propter

45 3025 46 3030 ¹
97 3005 239 3058 tercoticam
252 3005 406 3059 facultatem
418 3007 517 3060 maestis
528 3005 680 3077 hospitibus
690 3007 754 3060 rino
768 3006 873 3060 misceri
886 3025 893 3060 :
904 3008 1010 3061 celebre
1021 3007 1151 3081 siqnidem

96 3105 145 3142 tatu
157 3094 215 3146 rino
227 3098 286 3168 ejus
305 3105 345 3147 est
360 3106 597 3167 temperamentum
609 3113 617 3160 3
635 3093 708 3148 uude
719 3094 911 3168 μανόραγορὶταν
925 3091 997 3160 αἶνον,
1016 3097 1091 3168 cujus
1105 3117 1153 3168 pa-

96 3177 160 3232 taadi
171 3179 304 3254 duplicem
319 3181 447 3247 modum,
461 3183 487 3236 id
499 3197 538 3238 est
546 3224 554 3250 ,
563 3194 684 3248 coctura,
698 3195 724 3236 et
738 3202 832 3248 smus,
844 3183 1014 3238 Dioscorides
1025 3185 1153 3256 proponit

96 3261 133 3316 bh.
144 3267 256 3344 iV,eap.
268 3276 311 3343 74.

124 3355 234 3412 Tertium
256 3371 297 3413 est
312 3359 432 3413 omnium
453 3359 689 3422 delicatissimum,
703 3359 777 3434 quod
799 3379 831 3414 ex
844 3360 986 3414 Plutarcho
1001 3361 1154 3434 colligitur,

97 3439 250 3514 iquitatis
267 3449 304 3503 de
322 3449 464 3504 audiendis
477 3450 579 3504 Poetis:
591 3435 679 3520 fluctu
695 3449 766 3524 γὰρό
781 3445 956 3523 μανδραγόρας
966 3454 1021 3513 ταῖς
1037 3453 1156 3523 ἀμπόλοις

99 3518 282 3609 'mendicarum
296 3540 340 3592 sai
351 3535 455 3602 διαδοὺς
469 3539 513 3598 τὴν
528 3535 634 3606 δύναμιν
647 3540 680 3601 alc
693 3543 735 3594 τόν
751 3533 828 3604 οἶνον,
840 3541 1012 3610 μαλακατόραν
1033 3543 1098 3595 auita
1112 3544 1157 3600 τὴν

99 3625 222 3694 “tereph
239 3629 287 3688 ταῖς
297 3627 418 3681 πίνουσιν.
432 3651 444 3674 ι
454 3626 490 3678 Ut
509 3627 581 3680 enim
595 3625 773 3697 mandragora
787 3644 871 3698 propo
883 3626 952 3680 uites
964 3643 1091 3694 nascens,
1102 3628 1157 3682 uir·

45 3711 46 3722 ¹
99 3713 221 3782 tatemque
235 3712 387 3766 ministrans
401 3713 480 3780 vino,
496 3713 627 3768 leniorem
641 3713 724 3768 efficit
738 3713 809 3767 illins
823 3713 852 3765 in
866 3724 1002 3784 potatores
1016 3715 1069 3767 vim
1079 3733 1158 3786 sopo-

45 3833 46 3836 ,
98 3795 196 3850 mut.-
210 3800 318 3854 Veteres
339 3801 428 3866 enim,
445 3801 545 3872 quibus
564 3799 750 3872 mandragora
763 3801 791 3852 in
812 3800 874 3853 cibo
892 3813 1011 3872 potuque
1029 3803 1157 3856 maumas

45 3927 46 3960 ss
100 3903 166 3950 usas,
178 3905 232 3940 mm
248 3907 333 3961 prope
349 3889 417 3943 ritca
430 3889 597 3960 plantabant,
612 3885 734 3953 atinde,
748 3902 882 3943 contracta
897 3891 926 3942 in
940 3889 1031 3942 riuum
1043 3891 1159 3954 virtute,

125 4035 157 4096 (t)
174 4039 346 4088 heeentioribas
364 4038 450 4086 dr'm'tar
468 4041 558 4101 Atrapa
576 4037 733 4099 Mandragorae
751 4035 876 4097 (Pentand.
895 4053 1015 4099 menam.
1038 4055 1092 4101 geu.
1112 4038 1158 4084 5ott

45 4125 47 4194 ρ
102 4116 155 4162 Pers.
166 4119 239 4166 Satan
247 4123 333 4182 lusam
353 4120 384 4166 de
395 4137 440 4182 qua
454 4119 529 4168 fusius
541 4117 590 4180 agit
601 4117 697 4172 Plinius,
708 4117 750 4164 lib.
761 4119 832 4174 XXV,
844 4134 896 4182 rap.
905 4126 943 4181 94.
956 4119 1001 4163 En.

974 4195 1031 4267 11³
