2925 5009
351 434 422 519 480
503 434 615 503 EXC.
637 436 664 503 1.
690 434 760 503 DE
783 434 961 505 COCCO
986 434 1049 502 ET
1073 434 1275 505 GALLIS.

351 556 443 619 ruitur,
455 574 504 626 per
513 556 615 627 aliquot
625 554 705 607 boras
714 555 744 607 in
753 554 813 607 loon
825 568 931 607 remoto
945 555 1094 626 reponitur,
1102 567 1132 607 ut
1140 553 1403 626 mandorespartes’n

351 642 419 697 rasis
429 642 543 696 fundum
552 642 710 697 subsidesnt.
726 643 829 698 Sensim
844 642 995 697 effunditur
1003 644 1100 713 liquor,
1114 642 1403 697 etsfneibuscran'ri·

351 733 553 803 bussepsratur.
567 730 656 785 Sueco
669 731 801 786 defecato
813 732 933 786 sacchari
947 732 1003 785 albi
1019 731 1128 804 equalis
1143 732 1236 804 portio
1250 731 1403 795 admisceam

351 832 376 875 et
389 820 488 874 blando
502 820 570 891 ignis
579 822 667 873 calore
682 820 717 874 ad
731 821 865 893 spissioris
879 820 970 893 syrupi
980 820 1175 874 consistentiam
1194 816 1403 891 excoquitureffi·

351 922 449 961 sturatn
461 908 531 961 hanc
547 926 703 961 censemus
717 908 870 980 appellant,
887 920 935 959 sut
950 925 1062 960 succum
1075 925 1242 980 syropumve
1257 906 1403 966 deleme,

352 1016 384 1050 ex
391 1016 446 1069 quo
459 996 571 1050 celebris
582 996 625 1049 illa
638 996 771 1050 confectio
779 996 910 1050 alkermea
920 1009 1093 1069 preparatur.
1103 995 1156 1047 atii
1163 994 1290 1049 eumdem
1297 1008 1403 1066 syrnpn

352 1084 410 1138 sine
430 1084 492 1157 igne
506 1094 658 1157 preparant
675 1084 728 1137 hac
739 1084 852 1138 ratione.
865 1084 958 1138 Unice
970 1096 1145 1136 contusorum
1164 1100 1309 1153 granam
1319 1082 1403 1133 tene

352 1172 421 1243 parti
436 1182 488 1225 tres
500 1170 616 1225 saccinti
629 1182 715 1243 partes
731 1172 937 1242 permiscentur,
954 1182 981 1223 et
992 1190 1043 1243 per
1054 1168 1129 1224 diem
1138 1170 1277 1243 integrum
1291 1184 1406 1221 maceras·

353 1270 397 1311 tur
416 1258 444 1311 iu
463 1258 525 1311 loco
542 1256 651 1329 frigido.
667 1258 771 1311 Succns
788 1275 851 1311 cum
866 1261 1034 1329 expressione
1045 1258 1222 1310 trausenlatm
1237 1254 1326 1329 syrupi
1336 1252 1402 1307 osasi-

353 1345 478 1399 steutiam
492 1345 606 1399 obtinet.
619 1346 791 1399 prestantior
801 1358 926 1399 censetur
935 1346 1041 1416 priore,
1051 1344 1096 1396 cui
1106 1364 1164 1398 non
1175 1344 1338 1397 mediocrem
1345 1341 1402 1393 tob·

353 1432 441 1487 tilium
454 1432 569 1505 partium
589 1432 741 1504 portionem
757 1432 826 1505 ignis
844 1432 952 1485 ademit.
964 1433 1006 1485 Es
1019 1432 1160 1485 Ooeitania
1173 1432 1228 1485 sub
1239 1428 1400 1485 ncnnueffl

353 1521 394 1574 vel
406 1521 500 1593 syrupi
513 1520 619 1574 bernes
637 1520 683 1573 ille
695 1538 792 1575 succes
800 1520 837 1574 sic
849 1535 974 1593 paratus,
988 1520 1023 1574 ad
1034 1531 1140 1575 extens
1150 1522 1402 1591 nationesmapmeo

351 1608 394 1681 pia
407 1607 591 1662 transvehitur.

387 1694 415 1750 Si
427 1712 492 1751 vero
503 1712 581 1767 pana
598 1694 699 1763 integra
710 1712 814 1749 serrare
823 1695 918 1762 velint,
928 1707 1032 1750 matura
1045 1697 1091 1750 illa
1107 1697 1256 1769 colligunt,
1265 1708 1290 1749 et
1301 1696 1326 1747 in
1341 1691 1399 1747 erb'·

352 1783 415 1837 culo
424 1782 544 1855 undique
555 1794 649 1856 aperto
658 1783 712 1836 aeri
727 1782 898 1854 liberosnper
910 1784 1065 1838 linteamina
1073 1799 1225 1857 exponunt.
1236 1784 1320 1847 luitio,
1328 1798 1398 1855 qm·

353 1871 401 1925 diu
412 1870 525 1924 humore
535 1869 690 1931 abundant,
701 1868 743 1923 bis
756 1882 829 1924 terre
841 1872 871 1925 in
887 1871 932 1925 die
943 1884 1065 1937 vesunu
1078 1892 1114 1926 ne
1123 1875 1286 1927 incalescam
1299 1869 1396 1923 unire

353 1954 454 2010 sivero
463 1953 638 2017 animalcula,
648 1954 758 2007 incitato
769 1955 875 2019 calore,
886 1968 1031 2027 prorepant
1042 1966 1070 2007 ct
1079 1956 1206 2028 effugere
1222 1957 1345 2019 mantus,
1355 1964 1396 2005 tu

353 2061 368 2095 a
383 2043 495 2097 custode
508 2042 555 2115 qui
570 2042 714 2097 continuus
726 2042 837 2107 assidet,
852 2062 986 2097 concussu
1000 2043 1075 2098 lintei
1091 2045 1120 2096 iu
1134 2045 1259 2098 medium
1273 2060 1344 2115 usqua
1354 2040 1396 2110 tti-

352 2130 474 2195 ciuntur,
488 2130 573 2185 donec
587 2129 762 2185 emoriantur.
773 2132 854 2184 Tunc
861 2132 1024 2185 animalcula
1034 2133 1085 2185 sub
1097 2132 1223 2187 coccinei
1240 2132 1396 2205 pulveres»

352 2218 394 2273 cie
407 2218 497 2271 cribro
519 2237 534 2270 s
554 2218 625 2271 foliia
640 2230 818 2288 separantem
837 2217 937 2274 deinde
956 2219 1048 2292 digitis
1059 2221 1161 2274 leniter
1170 2222 1297 2292 meurs
1307 2216 1394 2287 compi·

353 2320 473 2371 mantur,
486 2317 513 2360 et
526 2306 553 2359 in
565 2306 633 2379 pilas
647 2326 694 2359 scu
708 2307 827 2379 pastillos
840 2308 1000 2380 rediguntur
1011 2311 1069 2362 sole
1080 2308 1267 2365 exsiccandos.
1278 2301 1394 2360 Paula

352 2408 452 2448 cuntur
464 2394 613 2459 scarlatini,
631 2396 712 2467 vulgo
719 2400 801 2463 pratel
812 2398 965 2457 d'eearlase,
982 2398 1024 2451 rel
1033 2401 1147 2449 deodate
1157 2400 1191 2449 de
1198 2402 1293 2467 puisse.
1302 2390 1392 2449 tott‘edi

351 2500 414 2536 vero
425 2482 572 2536 aetnirscui
582 2484 693 2536 seorsim
706 2482 830 2537 exsiccati
842 2495 990 2557 amantur.

386 2573 439 2626 Pro
451 2572 610 2625 infectorum
627 2590 677 2627 utu
691 2590 804 2627 coccum
823 2572 921 2626 eodem
936 2572 1091 2646 supradicto
1113 2576 1201 2631 modo
1212 2584 1390 2648 preparatum

351 2671 454 2719 tantum
467 2658 641 2724 discrimine,
654 2659 728 2733 quod
747 2661 867 2713 evacuati
882 2661 996 2715 folliculi
1009 2674 1039 2715 et
1050 2663 1184 2717 corbibus
1196 2665 1293 2735 excepti
1303 2662 1391 2715 b'utem

350 2748 378 2803 in
391 2760 497 2801 acetum
509 2750 671 2803 acerrimum
683 2748 890 2823 immerguntur,
903 2769 935 2803 ac
945 2750 1055 2804 tandem
1067 2769 1154 2823 snper
1169 2753 1250 2807 lintea
1258 2747 1390 2823 espmtffl·

349 2838 503 2899 siccantura
527 2836 600 2890 unde
624 2837 743 2891 colorem
763 2836 961 2902 rubicundum,
978 2850 1008 2892 ct
1025 2839 1111 2913 magb
1131 2841 1261 2895 nitentem
1274 2839 1389 2910 aequm·

350 2922 439 2977 Pulvis
454 2942 562 2996 quoque
574 2924 674 2977 rubeus
687 2944 736 2977 seu
746 2925 914 2990 animalcula,
929 2929 1016 2979 statim
1029 2938 1110 2997 etque
1122 2946 1153 2981 se
1166 2928 1388 3000 incipientum.

351 3012 414 3065 forti
428 3024 505 3065 aceto
520 3012 680 3075 irrorantur,
697 3012 785 3066 donee
799 3015 828 3066 in
842 3032 959 3067 masam
974 3012 1141 3085 redigentur,
1160 3034 1193 3070 ex
1212 3034 1264 3089 qua
1274 3014 1387 3066 tmu-

350 3099 451 3172 pastilli
466 3118 515 3154 aeu
530 3101 650 3155 massule
663 3101 748 3171 probe
760 3101 941 3160 exsiccando,
955 3102 1027 3155 etad
1038 3105 1277 3159 exterasnationes
1287 3095 1387 3155 manif·

349 3182 447 3238 tcndae.
463 3182 549 3237 Hodie
568 3184 596 3237 in
616 3184 705 3238 Gallia
720 3184 829 3240 terioris
843 3196 882 3238 cst
895 3204 961 3238 nans
975 3183 1050 3257 apud
1062 3186 1224 3257 infectores,
1239 3208 1270 3241 er
1284 3203 1330 3258 qne
1341 3194 1386 3233 Μ

350 3290 416 3343 pore
428 3272 573 3327 coccinella
587 3276 622 3342 (Ia
636 3276 783 3341 eocbeeille)
794 3274 872 3327 uobis
884 3274 965 3328 allata
978 3274 1030 3327 fuit
1038 3278 1087 3346 (t).

380 3432 415 3493 (t)
433 3431 582 3477 Coceimllrrs
598 3446 631 3478 ex
646 3431 721 3479 insula
738 3432 842 3479 Jamaiea
862 3434 1035 3495 bfexicanoqne
1053 3450 1129 3497 ragno
1145 3437 1276 3488 adrebnst3
1295 3432 1384 3479 mileu·

350 3526 433 3571 nempe
450 3513 473 3555 in
490 3511 557 3555 Caeco
576 3510 761 3571 coccinelltsemr
781 3512 890 3559 Icosand.
909 3528 1030 3575 monogyrs.
1052 3512 1122 3560 Linn.
1145 3519 1209 3562 Cart.
1226 3518 1282 3561 Jnss.
1299 3512 1383 3557 lenm

349 3606 379 3637 ex
399 3592 578 3652 Hemipterornrt
595 3590 696 3643 familia,
723 3591 805 3636 Coeess
826 3592 890 3638 Crcts'
909 3593 1076 3655 eoecs‘reffs'sen'
1097 3595 1188 3644 dicitnr
1210 3595 1296 3644 binnan
1313 3590 1381 3649 ΒΜ

350 3672 432 3717 Natur.
448 3676 500 3729 74²·
518 3670 561 3715 En.

695 3889 1091 3925 *ΛΦ-Ἀ-
