2925 5009
480 436 643 505 LIBER
668 434 774 505 xxt.
1092 456 1158 504 ror

115 562 193 633 radix
204 564 297 634 datur
312 565 408 661 potui
425 568 524 651 trita,
545 566 597 636 vel
616 566 754 638 decocta
772 564 816 635 ad
837 562 1062 661 strangulatus
1071 562 1095 653 ¹,
1113 566 1167 635 vel

115 675 241 761 pectoris
260 672 412 758 dolores,
431 672 484 743 vel
500 658 670 743 laterum³.
694 657 848 743 Menses⁴
866 696 1001 768 quoque
1014 673 1091 741 ciet.
1112 673 1169 741 lli·

114 774 192 845 litar
213 804 286 847 cum
308 780 396 849 vino.

152 887 309 957 LXXXI.
335 888 484 956 Crocum
502 884 600 955 melle
619 910 687 955 non
708 884 860 971 solvitur,
879 882 1037 979 nulloque
1058 882 1168 955 dulci:

107 988 254 1059 bcillime
271 1006 382 1062 autem
404 994 501 1078 vino,
518 1008 577 1061 aut
593 1016 689 1087 aqua.
706 992 928 1063 Utilissimum
942 994 978 1059 in
996 990 1169 1061 medicina.

105 1099 296 1167 lsserratur
309 1122 434 1168 cornea
451 1099 572 1192 pyxide
583 1096 604 1169 ¹.
624 1101 768 1169 Discutit
786 1096 1078 1167 inflammationes²
1094 1122 1170 1167 om·

104 1226 157 1271 ues
175 1204 310 1297 quidem
325 1256 335 1291 ,
350 1204 409 1273 sed
427 1204 601 1275 oculorum
619 1190 775 1275 maxime³
792 1230 834 1273 ex
852 1229 917 1271 ovo
936 1202 1064 1273 illitum.
1084 1202 1171 1273 vut-

104 1332 218 1377 rarum
252 1336 388 1405 quoque
414 1310 655 1404 strangulatus,
678 1310 842 1380 stomachi
865 1308 1172 1396 exhulcerationes‚

103 1418 306 1507 pectoris‚et
322 1418 664 1511 renum‚jocinerum‚
678 1416 875 1513 pulmonum
886 1417 1172 1509 ‚vesicarumquet

103 1520 314 1612 peculiariter
336 1524 587 1593 inflammationi
605 1548 719 1593 earum
743 1523 957 1591 vehementer
979 1522 1067 1591 utile.
1089 1526 1175 1592 ltem

102 1629 183 1696 tussi
206 1642 240 1697 et
266 1628 458 1724 pleuriticis.
481 1627 582 1699 Tollit
599 1644 634 1700 et
655 1632 811 1724 pruritus.
844 1616 984 1699 Urinas⁴
1007 1631 1080 1699 ciet.
1109 1632 1176 1719 Qui

102 1757 239 1803 uocum
261 1736 356 1866 prius
370 1722 546 1821 biberint⁵‚
564 1734 735 1831 crapulam
756 1728 1003 1819 consentient,
1027 1735 1179 1806 ebrietati

102 1844 288 1910 resistant.
326 1844 470 1911 Corome
496 1866 628 1937 quoque
656 1868 695 1913 ex
726 1866 768 1911 eo
796 1838 945 1910 mulcent
975 1840 1178 1911 ebrietatem.

102 2024 179 2076 uocis
190 2023 381 2091 anstrudam
392 2026 550 2098 quaomnia
561 2044 622 2079 cum
666 2028 781 2079 Dim-
797 2024 912 2079 Discutit.
925 2022 1180 2097 Mitigaterysipelu·

103 2103 300 2173 elegantiaima
314 2106 410 2158 Baueri
418 2104 491 2177 apud
505 2106 624 2159 Sibthor·
667 2118 708 2171 ta,
720 2104 808 2177 iuquit
819 2106 938 2158 Dioscor.
951 2105 1001 2157 lib.
1013 2106 1041 2168 1,
1053 2124 1111 2176 cap.
1126 2108 1182 2174 ab,

105 2183 184 2251 pium
198 2184 274 2238 icone
291 2184 470 2239 consentiunt.
485 2186 623 2257 Sprengel.
667 2203 728 2256 qaae
741 2198 802 2238 sunt
815 2204 875 2238 cunr
892 2183 1100 2237 inflammatione
1116 2203 1181 2237 cou-

107 2261 176 2315 ttisc
190 2265 237 2316 ttei
250 2264 334 2318 tterb.
345 2264 394 2317 lib.
407 2266 473 2334 I,p.
489 2266 553 2333 157.
563 2266 624 2319 lam
667 2266 757 2335 juncta
768 2282 776 2319 t
787 2265 892 2317 aurium
909 2282 1016 2335 quoque
1032 2262 1181 2317 inflamma·

108 2360 157 2393 aar
169 2344 275 2397 monuit
285 2344 327 2396 vir
338 2341 434 2403 doctas
446 2343 529 2397 Nardi
538 2346 643 2399 Creti·.
668 2344 787 2397 tionibus
801 2342 917 2414 prodeat.
933 2344 1027 2397 limo.

110 2438 148 2472 τι
160 2421 367 2495 descriptionem
382 2442 397 2475 a
411 2424 501 2476 Plinio
519 2422 625 2477 desum·
710 2425 738 2477 3.
752 2423 803 2476 Sed
821 2425 942 2503 oculorum
957 2426 1067 2475 maxime.
1093 2422 1181 2477 Diues.

113 2512 187 2567 ptam
200 2520 254 2555 csse
265 2521 297 2555 ex
308 2504 396 2555 Diosc.
413 2500 448 2555 de
465 2503 531 2557 Pha.
546 2504 626 2557 Coul'.
669 2504 717 2557 lib.
730 2504 760 2566 1,
774 2520 831 2574 cap.
847 2503 881 2557 25
897 2522 904 2553 ε
917 2503 1001 2575 rupi
1016 2524 1041 2555 τι
1053 2505 1181 2573 ὀφθαλμῶν

115 2579 163 2633 lib.
177 2582 242 2647 ΧΠ,
255 2601 314 2653 cap.
331 2586 378 2637 ²6.
395 2584 447 2635 En.
670 2584 836 2653 διαχρώμενος
850 2584 943 2636 arma
957 2584 1000 2635 etv
1017 2586 1125 2653 γάλακτι
1139 2602 1183 2651 γυ·

159 2680 186 2711 ι.
205 2662 254 2713 Vct
263 2662 362 2713 decocta
376 2662 411 2713 ad
423 2662 627 2731 strangulationes
670 2664 779 2732 ναικιὶφ.
795 2688 806 2708 ι
817 2662 967 2715 Oculorum
984 2660 1117 2717 fluxiones
1131 2662 1192 2714 illi··

120 2734 175 2796 (sic
187 2741 260 2811 prius
277 2740 434 2813 legebatur).
448 2744 532 2812 Lege,
547 2754 628 2797 stran-
671 2756 713 2795 tus
725 2760 759 2794 ex
774 2742 842 2795 lacte
855 2742 980 2795 muliebri
989 2742 1105 2795 cohibet.
1123 2768 1134 2787 ·
1149 2740 1185 2795 Η.

123 2819 223 2883 gulata.
241 2821 333 2874 Paullo
355 2834 435 2893 post:
457 2822 630 2875 «Vulrarum
714 2830 742 2885 4.
760 2821 857 2873 llriaas.
873 2820 1022 2875 Dioscorid.
1032 2822 1084 2873 loc.
1097 2819 1145 2873 cit.
1158 2834 1186 2873 et

125 2902 418 2972 quoquestraugulatas.
430 2926 442 2949 ι
456 2902 630 2968 sict.xx11‚
672 2902 768 2957 Galen.
782 2899 816 2955 de
829 2900 890 2953 Fac.
909 2900 999 2971 simpl.
1017 2898 1087 2953 med.
1103 2900 1185 2965 vnt,

129 2994 183 3046 cup.
196 2980 227 3031 ri
240 3000 247 3031 :
260 3006 271 3027 ι
282 2982 380 3034 &men
388 2994 483 3052 potum
494 3000 555 3033 cam
568 3000 631 3051 sapa
673 3001 702 3053 p.
717 2980 780 3033 238.
798 2980 892 3033 llari».

131 3056 213 3110 salvar
221 3060 631 3131 magulantesaperitNerum
717 3060 742 3113 5.
758 3061 810 3129 Qut
821 3078 915 3111 crucam
927 3062 995 3128 prius
1008 3058 1118 3111 biberint.
1128 3058 1189 3113 Plu·

136 3134 229 3191 videtur
242 3179 250 3201 ‚
267 3142 347 3192 actm
373 3140 548 3209 strangulante.
569 3140 629 3193 Lib.
673 3140 759 3192 turclr.
770 3140 893 3211 Sympos.
904 3140 957 3203 Qu.
970 3140 1028 3203 Ill,
1041 3156 1100 3209 cap.
1120 3154 1188 3207 hp.

137 3212 234 3283 XXVI,
246 3238 303 3291 cap.
320 3220 354 3273 15
369 3238 376 3271 :
391 3246 401 3267 ι
413 3221 540 3290 Plantago
552 3238 632 3291 appo·
677 3224 746 3289 647.
759 3220 879 3271 Dioscor.
894 3218 946 3271 loc.
960 3218 1006 3271 cit.
1020 3217 1077 3271 bibi
1089 3216 1189 3269 idcirco

139 3294 202 3348 nitor
219 3298 246 3351 in
265 3300 323 3351 lana
342 3300 370 3351 in
383 3298 476 3351 dolore
489 3299 591 3365 rolrae3
604 3298 631 3351 iu
674 3318 784 3353 crocum
800 3318 832 3350 ex
845 3316 923 3369 pasco
931 3298 1005 3370 jubet
1015 3316 1022 3349 :
1033 3289 1190 3367 Ᾰιφαίπαλός

140 3379 284 3447 magutsu
296 3379 407 3432 bibitur.
419 3404 431 3425 ι
452 3378 541 3432 Geor.
677 3382 730 3432 lari
742 3378 808 3448 μετὰ
820 3378 920 3448 pluuia:
933 3378 1071 3447 πινόμενος.
1083 3376 1119 3429 ll.

176 3456 198 3507 3.
213 3458 258 3509 tit
269 3460 380 3511 lateram.
406 3458 527 3511 Dioscor.
542 3458 589 3511 lib.
604 3458 634 3522 1,
719 3462 746 3509 6.
759 3457 891 3527 Crapalam
901 3460 1072 3520 renuntiant,
1081 3454 1192 3507 ebrietati

69 3544 72 3592 ³.
144 3550 190 3605 etp.
203 3556 248 3599 to,
262 3542 322 3609 πρὸς
335 3541 441 3608 πλευρᾶς
451 3539 534 3591 πόνον.
550 3539 584 3591 Η.
678 3556 706 3589 eo
716 3540 829 3589 resistunt
840 3525 895 3606 (ric
907 3532 1007 3608 prius).
1019 3532 1090 3589 tttud
1099 3552 1192 3587 eouou

70 3599 76 3698 l
177 3624 199 3679 t.
211 3618 309 3671 Menses.
321 3617 412 3671 Diosc.
426 3618 477 3670 loc.
492 3618 537 3670 cit.
549 3616 583 3671 ll.
679 3634 736 3671 csse
754 3617 782 3669 iu
801 3617 885 3669 veteri
902 3614 995 3669 codice
1007 3626 1084 3669 notat
1093 3614 1193 3669 Plotia·

175 3695 288 3751 LXXXI.
301 3716 325 3751 ι.
338 3686 434 3751 Coraca
440 3698 539 3770 pyxide.
548 3696 638 3751 Nostri
664 3706 748 3755 'nus3
764 3708 790 3749 et
805 3694 861 3748 duo
874 3696 955 3749 rerba
965 3694 1052 3763 delet,
1066 3707 1095 3748 at
1110 3711 1194 3765 expo·

144 3789 283 3833 mercatores
291 3779 417 3849 plumbea
427 3778 637 3849 inagisutuutur.
681 3776 803 3829 sitlouem
829 3776 951 3847 proxime
976 3772 1194 3845 praecedentium.

144 3856 229 3912 Diarc.
683 3857 805 3909 Vossian.
823 3882 834 3903 ·
844 3854 1017 3920 Quicrocum
1030 3855 1105 3926 prius
1120 3854 1195 3907 bibe·

174 3958 195 3991 a.
210 3939 315 3991 Discutit
326 3940 537 4011 irfiarrmatioaes.
553 3938 639 3989 lmmo
683 3936 752 4000 rint,
761 3936 898 4006 crapulam
909 3954 963 3987 non
975 3937 1101 3999 sentient,
1112 3933 1197 3988 ebrie·

139 4020 215 4091 potius
225 4020 325 4091 coquit.
339 4020 429 4071 Habet
440 4017 510 4068 euim
523 4018 575 4069 vim
588 4036 641 4069 ma·
685 4015 732 4069 tati
741 4015 872 4069 resistant.
884 4038 895 4063 ι
908 4015 963 4068 Nec
975 4002 1120 4067 deleddum
1129 4032 1198 4085 prce·

136 4100 195 4157 tltue
207 4104 329 4159 πιπτυιὴν
345 4112 373 4153 et
393 4096 641 4167 subastringeutem.
687 4110 758 4149 terea
767 4093 913 4167 quidquam
923 4090 1127 4148 censcurustsed
1138 4106 1200 4147 eoet

1029 4186 1042 4227 ὓ

881 4196 894 4221 “
1006 4226 1025 4299 7
