2925 5009
281 425 324 497 16
550 429 589 495 C.
618 428 781 497 PLINII
805 428 914 496 NAT.
940 425 1067 493 HIST.

275 561 344 650 Qui
359 554 542 655 praecocem
556 544 927 653 faciunt³⁴,p'ednlicirca
938 555 1082 626 radicem
1096 558 1215 627 scrobe
1224 583 1350 653 aquam

276 665 414 736 calidam
434 664 635 752 infundunt,
650 668 837 760 germinare
856 665 1033 760 incipiente
1052 663 1173 758 calyce.

243 820 253 852 2
329 776 390 841 XI.
405 760 472 864 (v.)
489 770 610 840 Lilium
627 797 710 841 roste
731 771 902 842 nobilitate
921 772 1110 865 proximum
1128 785 1194 858 est,
1211 785 1246 839 et
1259 795 1351 864 qua-

275 879 351 949 dam
372 880 569 974 cognatione
588 880 749 972 unguenti
769 877 915 974 oleique,
931 877 1021 972 quod
1040 875 1181 946 lirinon¹
1200 876 1351 971 appella·

275 1002 342 1055 tur.
367 990 411 1055 Et
435 983 647 1080 impositum²
675 986 774 1055 etiam
800 987 944 1055 maxime
971 1007 1063 1054 rosas
1092 983 1204 1069 decet,
1235 983 1350 1052 medio

275 1106 442 1187 proventu
462 1114 576 1159 earum
597 1092 767 1185 incipiens.
789 1091 861 1160 Nec
881 1089 941 1159 ulli
955 1090 1075 1160 florum
1089 1089 1260 1159 excelsitas
1275 1114 1350 1158 ma·

273 1200 343 1292 jor,
363 1196 529 1267 interdum
553 1197 742 1267 cubitorum
762 1199 880 1285 trium,
904 1195 1062 1291 languido
1089 1220 1219 1291 semper
1239 1194 1349 1283 collo,

275 1320 309 1375 et
324 1330 392 1375 non
406 1303 590 1373 sufficiente
608 1306 724 1399 capitis
739 1306 840 1373 oneri.
857 1302 993 1373 Candor
1004 1305 1075 1396 ejus
1087 1287 1249 1391 eximius³,
1266 1302 1352 1373 foris

276 1412 399 1496 striati,
414 1426 447 1479 et
461 1410 503 1479 ab
513 1412 673 1504 angustiis
687 1412 721 1479 iu
734 1409 941 1480 latitudinem
951 1408 1111 1505 paulatim
1126 1434 1198 1479 sese
1207 1408 1352 1479 laxantis

276 1517 386 1613 effigie
398 1515 537 1601 calathi,
555 1518 720 1612 resupinis
736 1543 795 1613 per
812 1517 976 1586 ambitum
990 1516 1108 1603 labris,
1120 1517 1276 1610 tenuique
1288 1515 1351 1585 filo

276 1624 469 1709 etsemine,
490 1623 652 1693 stantibus
674 1626 708 1691 in
727 1623 838 1693 medio
862 1624 979 1693 crocis.
1002 1626 1054 1692 Ita
1072 1622 1168 1710 odor,
1188 1619 1352 1716 colorque

276 1729 400 1827 duplex
417 1744 451 1799 et
462 1727 543 1799 alius
559 1728 700 1823 calycis,
716 1729 799 1799 alius
813 1731 980 1817 staminis,
992 1729 1180 1800 differentia
1196 1744 1349 1825 angusta.

242 1892 256 1925 2
276 1842 316 1907 ln
329 1838 489 1932 unguenti
503 1860 584 1905 vero
597 1835 727 1931 oleique
742 1862 820 1917 usu,
835 1852 870 1907 et
888 1836 966 1906 lolia
978 1861 1047 1905 non
1060 1849 1273 1930 spernuntur.
1286 1838 1352 1904 Est

277 1944 337 2014 llos
355 1968 423 2011 non
439 1941 606 2011 dissimilis
625 1942 671 2011 illi
692 1945 724 2010 in
744 1943 866 2028 herba,
886 1968 986 2036 quam
1003 1929 1259 2011 convolvulum⁴
1281 1966 1350 2011 vo-

276 2064 368 2138 cant,
394 2072 533 2118 nascens
551 2073 612 2143 per
633 2048 778 2117 frutecta
785 2035 814 2135 ⁵,
833 2048 926 2119 nullo
944 2048 1065 2134 odore,
1083 2073 1145 2118 nec
1169 2048 1276 2118 crocis
1297 2049 1352 2116 in·

318 2233 365 2294 34.
384 2230 434 2300 (lut
449 2248 580 2300 praecocem
594 2231 701 2297 fuciunt
722 2230 788 2284 Pall.
833 2235 915 2283 striati
934 2242 958 2282 et
978 2231 1010 2282 ab
1024 2234 1144 2300 angustiis
1155 2234 1181 2281 in
1194 2229 1349 2282 latitudinem

276 2314 319 2365 111
329 2312 357 2365 in
373 2310 501 2362 Februar.
517 2312 608 2363 tier:
638 2310 687 2363 «Si
702 2329 789 2363 rosam
830 2310 1130 2381 paulatimseselaxantis
1145 2307 1227 2380 effigie
1241 2311 1351 2376 calathi,

276 2390 420 2462 temperior
443 2389 542 2441 habere
565 2388 694 2455 volueris,
719 2388 789 2442 duo·
834 2401 886 2443 etc.
899 2390 982 2443 Post:
999 2391 1082 2442 Tertio
1094 2395 1179 2459 geren·
1198 2402 1287 2442 coetera
1303 2410 1350 2443 en·

276 2472 327 2525 bur
338 2468 431 2543 palmia
449 2467 483 2519 ab
497 2484 527 2520 en
537 2468 565 2521 in
576 2487 671 2540 gyrum
686 2467 790 2533 fodiet,
833 2470 896 2534 ᾰισι,
906 2469 973 2521 cade
991 2470 1137 2521 loerbaceus:
1153 2470 1244 2540 poauit
1266 2472 1353 2523 terto„

277 2564 305 2605 et
317 2569 386 2621 aqua
396 2544 479 2602 calida
497 2546 538 2599 bis
555 2546 653 2617 rigabis
668 2549 696 2601 in
707 2546 785 2600 die..
832 2546 1351 2620 ceomproeoquodlnDioscorideest‚
1442 2572 1444 2575 ·

276 2630 321 2683 Sic
335 2627 503 2701 Didymusin
515 2626 604 2699 Geop.
616 2628 663 2681 lc.
679 2628 769 2681 Hanu.
832 2624 966 2699 κροκῶὸις·
983 2628 1040 2699 lege
1060 2647 1124 2699 ergo
1135 2630 1274 2695 leloaceus,
1295 2648 1350 2700 pro

316 2711 363 2762 XL
373 2727 397 2763 r.
408 2706 482 2776 Quod
492 2707 588 2760 lirinon.
596 2708 715 2779 Διιρινόνι
727 2726 788 2761 nem
834 2708 969 2761 horbam.
977 2706 1053 2761 [dem
1067 2706 1195 2763 mendum
1202 2708 1350 2781 iul're‚crp.

276 2808 351 2861 arque
374 2786 459 2843 Greci
482 2786 568 2856 λείριον
589 2786 675 2839 lilium
698 2788 790 2859 appel·
836 2806 886 2858 19:
900 2814 911 2836 ι
921 2787 1037 2841 Narcissi
1047 2786 1103 2841 duo
1115 2806 1211 2858 genera
1226 2788 1253 2839 in
1270 2806 1351 2841 urum

276 2871 340 2921 lant.
353 2866 448 2920 'Iidem
476 2878 503 2919 et
521 2868 629 2919 σούσινον
654 2884 790 2937 nuncupa·
833 2866 932 2921 medici
943 2866 1078 2939 recipiunt
1091 2885 1098 2919 τ
1113 2886 1197 2921 unum
1210 2886 1351 2938 purpureo

276 2968 351 3013 vere,
369 2960 399 3000 ut
412 2944 527 2999 diximus
546 2946 630 3010 xm,
651 2966 678 2999 a.
699 2946 788 2999 Dione.
834 2946 921 3011 flore,
934 2948 1047 3000 alterum
1058 2946 1231 2999 herbaceum.
1249 2973 1260 2993 ·
1276 2949 1351 3001 Scri·

277 3029 333 3093 111,
353 3030 396 3091 16,
412 3023 445 3077 de
455 3025 529 3078 lilio:
545 3027 586 3095 ἀφ’
603 3020 628 3078 οὗ
640 3026 682 3079 καὶ
698 3029 726 3080 τὸ
740 3030 790 3097 ypi-
833 3025 965 3090 bendum,
978 3028 1122 3080 luloaceum.
1133 3027 1216 3080 Color
1224 3028 1351 3081 tatiacum

276 3126 330 3180 σμοι
341 3104 587 3169 ιιοιτσσιισυοὶζισοι,ὅ
604 3125 666 3167 τινος
679 3111 788 3177 λαρινὸν,
833 3119 860 3160 et
869 3106 1008 3159 delectarent
1015 3107 1083 3159 inter
1092 3109 1196 3159 russum
1208 3120 1235 3159 et
1246 3107 1349 3163 album:

276 3189 296 3241 tl
310 3184 340 3241 dl
356 3188 463 3240 σούσινον
474 3190 587 3238 καλοῦσι.
598 3182 693 3241 Hiran.
833 3183 869 3239 ita
883 3186 991 3240 Festus:
1008 3188 1047 3238 ln'e
1063 3187 1138 3257 plane
1151 3198 1188 3239 est
1204 3189 1304 3240 melinus
1326 3202 1353 3241 ee

318 3288 344 3320 ν.
364 3266 400 3319 Et
421 3268 563 3335 impositum.
582 3264 691 3317 Mallem
711 3267 787 3315 litter·
832 3266 1273 3329 luteuscolor,velcroceus.Salmer.
1285 3286 1349 3321 roa.

272 3350 385 3415 positum,
413 3342 540 3413 Intelligit
564 3344 651 3407 enlm,
678 3344 788 3413 opinor,
832 3345 1110 3399 -Lr'liumcandidun
1125 3338 1261 3413 (Heaeand.
1275 3348 1349 3401 Mon.

275 3426 384 3497 gratiam
396 3424 545 3485 hortorum,
557 3423 600 3476 vel
612 3440 789 3488 coronarum,
831 3443 892 3495 gen.
913 3444 967 3496 791
988 3426 1060 3478 Pers.
1074 3426 1162 3478 Liliac.
1178 3415 1277 3496 duaa).
1294 3427 1349 3482 Eu.

276 3526 330 3561 non
354 3521 409 3557 esse
436 3504 533 3560 levem,
557 3501 786 3574 quemadmodum
874 3512 899 3568 4.
929 3506 1108 3558 mentorum.
1133 3505 1227 3568 Gallis,
1250 3507 1348 3560 Ιὶσσισνσ.

275 3584 351 3639 Maro
364 3580 581 3637 cecinitlEueid.
598 3584 786 3653 Xll,va.69=
831 3583 931 3637 Smilax
952 3584 1026 3639 lavia
1055 3586 1181 3639 minora
1208 3584 1350 3640 Dodonuo

278 3691 289 3713 ι
361 3662 441 3716 mixta
455 3662 554 3714 rubent
568 3662 614 3716 ubi
633 3661 686 3715 lilia
704 3662 786 3716 multa
832 3677 952 3729 vocatur,
971 3664 1043 3735 apud
1062 3682 1143 3736 quem
1167 3665 1271 3718 iconem
1292 3668 1351 3739 ejus

275 3744 341 3797 Alba
356 3758 446 3795 rora.»
461 3739 553 3795 Hunn.
831 3742 903 3797 vide.
918 3745 1008 3797 lluuu.
1027 3776 1066 3787 --
1081 3744 1243 3797 coenolentus
1256 3749 1369 3816 sepium·

316 3824 343 3877 3.
358 3820 515 3891 Candorejru
526 3822 626 3873 eximito
635 3820 707 3887 soliis
719 3823 786 3889 soris
830 3815 978 3891 (Pentand.
996 3824 1097 3894 Μανιος.
1114 3842 1177 3894 gen.
1196 3828 1254 3888 416
1270 3827 1350 3881 Pers.

275 3905 379 3963 νιήσιίσ,
403 3912 455 3953 et...
481 3920 531 3953 sere
556 3900 707 3966 manetho,
734 3912 784 3955 etc.
832 3896 1079 3971 Concolvul.luar.).
1097 3904 1147 3957 En.

277 3975 335 4053 (sic
345 3982 428 4037 Gron.
442 3991 468 4033 et
482 3981 521 4033 Al.
536 3994 597 4034 aute
611 3979 695 4035 llard·
712 3971 784 4049 En.)
872 3982 898 4036 5.
912 3983 1020 4037 Nascere
1038 4003 1084 4054 per
1098 3980 1214 4041 frutecta.
1234 3982 1272 4036 Ea
1290 4000 1348 4047 eut,

275 4061 391 4133 Legend.
407 4059 508 4112 Candor
529 4062 579 4129 ejus
597 4065 706 4124 eximius,
719 4062 786 4128 soris
829 4080 889 4133 qua
902 4064 1008 4117 lesione
1025 4064 1256 4136 aTlreoplirasto,
1275 4078 1303 4117 et
1314 4067 1349 4119 ab
