2925 5009
275 486 314 531 ιι
542 467 581 533 C.
607 410 774 537 l'LlNIl
801 466 916 536 Nat.
943 466 1072 533 rtls't

223 620 229 631 ·
270 595 392 692 gusti’.
430 600 603 669 Germinat
624 601 733 671 omnis
754 601 864 697 primo
877 598 1003 669 inclusa
1021 583 1183 733 granoso⁸
1205 599 1344 667 cortice.

273 706 352 793 Quo
369 729 448 773 mox
459 721 718 789 intumescente
737 723 771 778 et
783 734 816 777 ιιι
829 706 951 776 virides
964 690 1161 775 alabastros⁴
1175 702 1347 833 fastigato,
1388 734 1396 745 ·

270 808 429 903 paulatim
452 812 630 883 rubescens
659 813 814 899 dehiscit,
832 838 872 884 ac
894 838 965 883 sese
993 810 1157 931 pandit,
1149 836 1183 877 ιιι
1190 795 1346 929 ⁵calycis

271 916 380 986 medio
408 917 458 985 sui
480 922 597 989 stantis
604 919 789 1039 'complexa
811 918 919 990 luteos
946 920 1067 1013 apices
1094 916 1237 985 Usus
1209 940 1282 1008 ejus
1308 917 1344 983 iu

186 1050 189 1059 ’
271 1009 421 1093 coronis⁶
443 1050 547 1119 prope
567 1028 722 1097 minimus
742 1042 804 1096 est.
824 1025 911 1095 Oleo
934 1039 1142 1108 maceratur,
1157 1021 1284 1142 idque
1272 1046 1343 1116 Jaru

271 1154 289 1197 a
312 1131 463 1223 Trojanis
485 1133 709 1227 temporibus,
737 1136 886 1203 Homero
907 1130 1021 1201 teste⁷
1045 1129 1235 1199 Praeterea
1226 1153 1262 1196 ιιι
1279 1152 1344 1195 uu·

271 1250 393 1329 guenta
412 1239 548 1322 transit,
568 1253 606 1307 ut
620 1226 791 1309 diximusl
804 1242 917 1308 Perse
935 1237 1080 1307 rnedicas
1099 1249 1187 1305 artes
1205 1233 1344 1333 praebet.

270 1343 467 1437 Ernplastris
494 1359 594 1437 atque
620 1344 763 1439 collyriis
790 1347 948 1417 inseritur
978 1342 1127 1412 mordaci
1153 1338 1344 1411 subtilitate.

270 1552 394 1622 bandioa,
403 1554 604 1625 roseglantina,
613 1553 679 1609 flore
689 1557 779 1627 pleno.
830 1552 944 1609 litudiue
963 1554 1090 1607 nimirum
1113 1570 1175 1605 eum
1197 1546 1346 1614 alabastro,

270 1634 295 1687 l.
307 1634 338 1686 B.
353 1636 427 1685 rosier
437 1634 562 1703 e'glartier.
576 1630 623 1697 (ll.
641 1635 781 1706 robiginum
830 1654 892 1688 vase
908 1634 1104 1706 unguentario,
1118 1636 1195 1703 cujus
1209 1644 1249 1685 est
1258 1632 1347 1701 longi·

270 1726 309 1766 est
324 1732 386 1766 vere
405 1730 458 1765 roa.
477 1714 620 1785 eglanteria
636 1714 781 1781 Veterum,
831 1713 898 1768 tudo
909 1715 1037 1786 fastigata,
1048 1714 1077 1765 ἱιι
1089 1713 1237 1781 pleniorem
1249 1712 1346 1764 orbem

271 1806 380 1847 auctore
393 1794 465 1846 Pera.
477 1792 580 1866 Syaops.
590 1796 632 1860 11,
648 1814 707 1867 pag.
721 1785 782 1864 49.)
831 1795 968 1859 desinens,
982 1808 1014 1847 ut
1032 1792 1135 1846 Plinius
1150 1792 1208 1864 ipse
1229 1792 1267 1845 ait
1286 1792 1345 1856 lx,

271 1872 411 1945 Spiueola,
425 1890 478 1925 ros.
491 1874 597 1938 minor,
608 1875 714 1927 rub'ello
726 1876 782 1945 ple·
834 1876 879 1929 56.
900 1876 981 1927 Poeta
1004 1873 1115 1945 qnidam
1129 1869 1285 1943 pyramides
1299 1890 1347 1924 vo-

270 1972 307 2005 no
321 1950 401 2017 flore,
415 1954 513 2023 asperis
530 1954 613 2025 spinis
632 1968 742 2009 armata.
754 1956 781 2008 J.
832 1967 890 2020 cat,
901 1972 968 2025 quoa
979 1953 1081 2006 Plinius
1090 1952 1249 2016 alabastros;
1263 1963 1292 2004 et
1304 1970 1348 2005 ca·

273 2034 301 2085 ll.
324 2052 375 2083 rose
394 2032 491 2084 ortelle.
504 2032 660 2099 Centilolia,
674 2054 727 2087 ros.
743 2035 781 2086 la·
832 2035 935 2095 latbos,
952 2052 1020 2105 quos
1036 2032 1080 2085 ille
1094 2032 1214 2102 calyces:
1234 2056 1245 2077 ι
1258 2033 1346 2101 prima

271 2113 363 2165 cteola.
375 2112 400 2167 J.
413 2114 442 2165 B.
455 2111 548 2165 Grata
556 2114 596 2165 vel
605 2114 719 2185 lychnis,
727 2132 781 2169 ros.
831 2114 890 2167 dies
900 2111 1016 2167 ostendit
1025 2113 1125 2184 spicula
1135 2110 1243 2175 florum,
1255 2111 1347 2164 Altera

271 2193 440 2261 campestris,
455 2191 538 2263 spinis
554 2210 658 2257 carena,
673 2193 780 2247 billora.
832 2191 984 2265 pyramides
993 2190 1066 2245 nodo
1080 2193 1181 2261 majore
1191 2202 1344 2243 tumentes:

272 2272 302 2325 C.
314 2272 345 2324 Β.
360 2270 483 2329 Graecula.
497 2291 549 2325 ros,
561 2271 703 2339 silvestris,
717 2272 782 2326 odo-
832 2274 922 2326 Tertia
939 2275 992 2344 jam
1015 2272 1141 2325 calathos
1158 2294 1169 2315 ι
1190 2271 1283 2323 Ηιιιυ.
1304 2302 1346 2313 -

272 2356 338 2408 ratu',
356 2350 422 2403 flore
433 2350 503 2404 albo.
514 2353 545 2404 C.
563 2354 593 2404 ll.
606 2354 646 2405 De
660 2354 783 2424 pulcher·
833 2354 970 2422 Fastigato.
987 2352 1071 2405 Grou.
1089 2364 1116 2404 et
1136 2349 1170 2400 al.
1190 2362 1220 2402 ut
1239 2367 1347 2420 semper

272 2432 342 2483 rimo
361 2431 482 2483 omnium
504 2430 570 2485 flore
588 2432 634 2503 qni
649 2434 727 2503 plura
741 2431 783 2485 di·
832 2434 907 2496 alias,
915 2435 1057 2501 fastigiata.
1074 2432 1124 2482 Γιι.

272 2528 346 2563 scere
366 2510 446 2575 velit,
463 2530 542 2582 quatu
559 2512 648 2564 uerbis
664 2527 783 2584 uuquam
875 2517 900 2565 5.
916 2510 1126 2581 Aesesepaadit,
1142 2513 1167 2560 ia
1185 2508 1346 2580 subducte.

272 2590 385 2661 exprimi
397 2603 487 2662 queat,
503 2610 602 2644 norum
617 2588 694 2644 adeat
704 2604 731 2645 et
741 2592 785 2644 lu·
834 2592 915 2645 Forte
933 2592 1062 2644 sincerius
1083 2580 1133 2656 (ut
1147 2600 1348 2659 praemonuerat

272 2670 480 2723 culeutiaaimum
505 2690 573 2742 opus
596 2660 637 2725 Cl.
659 2672 786 2725 nostratis
834 2672 943 2724 Salmas.
957 2660 1032 2739 En),
1045 2668 1230 2739 sesepaaditia
1243 2668 1347 2739 calyces,

273 2752 423 2815 llanourri,
436 2751 482 2822 qui
499 2762 559 2822 post
582 2750 717 2817 Littacaas,
729 2770 784 2805 non
835 2752 1058 2803 mdtasataaaos
1067 2750 1191 2819 complana
1204 2748 1279 2800 aaa
1293 2753 1346 2819 apt·

272 2830 323 2882 sibi
343 2830 430 2901 impar
448 2832 525 2881 Rotas
540 2849 626 2902 nuper
646 2829 679 2883 ad
693 2832 784 2885 virum
833 2850 880 2883 ret.
895 2831 979 2901 Calyx
995 2842 1116 2892 vocatur,
1135 2828 1182 2899 qni
1200 2827 1273 2879 lutea
1292 2840 1347 2881 sta·

272 2906 417 2979 depingere
427 2918 563 2981 aggressus
573 2923 619 2963 eat.
631 2910 682 2961 En.
834 2911 907 2965 miua
920 2929 967 2963 seu
982 2910 1080 2979 apices,
1090 2920 1118 2961 et
1127 2906 1202 2961 lloris
1212 2907 1275 2960 folia
1282 2926 1348 2966 ouu-

315 3010 341 3041 ι.
357 2990 473 3058 Ategusti.
501 2990 567 3041 Late
588 3008 615 3043 se
638 3008 693 3042 uon
712 3008 784 3059 spar-
832 2990 909 3043 tinet.
918 2988 1011 3042 Ηιιιιι.

271 3069 365 3138 gentis.
383 3070 450 3121 Dan.
874 3074 902 3123 6.
928 3070 991 3121 Usus
1008 3069 1288 3139 ejuciacoroairprope
1301 3071 1346 3119 ml·

313 3147 341 3200 3.
357 3147 470 3202 Graaoso
490 3152 585 3202 cortice.
608 3150 683 3201 Intus
701 3149 784 3201 veluti
833 3152 910 3201 aimus
923 3162 965 3202 est.
980 3150 1039 3202 Pte
1050 3148 1152 3201 ceteris
1163 3165 1262 3216 nempe
1276 3147 1349 3200 utili·

272 3226 431 3299 quibusdnm
452 3230 541 3299 grauis
558 3230 660 3282 scabro.
672 3226 783 3280 Nodum
833 3229 943 3292 tatibus,
955 3248 1020 3300 quas
1032 3246 1090 3280 rosa
1106 3228 1225 3296 prabet:
1241 3244 1303 3278 nam
1319 3240 1348 3280 et

272 3307 356 3372 eninr,
371 3324 417 3359 seu
431 3308 569 3379 globulum
581 3326 658 3373 eum,
676 3326 730 3378 quo
743 3326 783 3360 se·
833 3308 893 3363 oleo
904 3322 1032 3381 praeterea
1046 3320 1204 3371 maceratur,
1214 3306 1280 3359 etin
1297 3326 1348 3359 un·

273 3406 333 3439 men
355 3386 516 3449 continetur,
532 3388 659 3441 corticem
680 3387 784 3440 Plinius
833 3402 929 3459 guenta
946 3388 1052 3451 transit,
1074 3400 1101 3439 et
1113 3386 1262 3455 emplastris
1276 3387 1347 3439 inse·

272 3479 423 3536 nuncupat,
435 3468 591 3521 nouseruel.
610 3468 677 3519 Nam
693 3467 778 3520 infra:
833 3470 911 3531 ritnr,
933 3480 985 3520 eto.
1007 3466 1086 3519 llunc
1107 3467 1196 3518 locunt
1215 3466 1349 3520 Barbarus

275 3546 465 3599 Turdissitue
481 3547 645 3619 proveniunt
665 3547 782 3609 semiue,
833 3565 916 3617 prave
926 3546 1077 3600 intellexit
1092 3544 1157 3598 dum
1171 3548 1273 3609 umus,
1284 3564 1349 3599 outr-

271 3625 367 3696 quod'
361 3646 388 3677 ιιι
410 3626 468 3696 ipso
486 3628 584 3679 cortice
598 3638 674 3678 eat.
697 3631 783 3683 Μῆλον
833 3639 874 3680 ιιι
895 3618 1019 3681 codicum
1052 3624 1149 3690 fidem,
1177 3638 1205 3677 et
1229 3640 1347 3679 mentem

271 3706 408 3777 cheophr
433 3706 548 3777 appellat
566 3707 664 3758 ilistor.
678 3706 734 3772 VI,
756 3710 785 3757 6.
833 3707 971 3778 scriptoris
979 3704 1108 3776 reposuit
1117 3706 1211 3757 flauo.

272 3784 448 3846 Umbilioum,
458 3788 575 3855 ippetar,
584 3786 691 3838 Aristot.
699 3748 789 3839 Piobt.
874 3809 901 3852 7.
913 3787 1020 3838 Homero
1032 3797 1099 3838 teste.
1112 3782 1189 3837 lliad.
1200 3788 1269 3849 Ψμ.
1279 3787 1347 3851 ι86,

271 3884 291 3915 s.
310 3884 352 3929 ιι,
367 3878 458 3935 quaest.
473 3866 500 3917 8.
516 3864 607 3917 Hsau.
832 3866 879 3917 ubi
893 3867 983 3919 oleum
1002 3882 1139 3917 rosaceum
1159 3876 1346 3917 memoratur:

314 3950 340 4007 4.
362 3946 392 3995 Iu
408 3944 494 3995 uirides
507 3942 643 3995 alabastros
653 3945 787 4014 fastigato.
833 3940 942 4014 pedicari
955 3940 985 3997 di
1001 3947 1066 4013 χρῖιι
1078 3946 1160 4013 italo.
1174 3944 1266 3995 Haut».

273 4023 441 4075 atabsstrum
465 4037 541 4075 vocar
566 4043 633 4076 rosas
653 4025 789 4097 calycem,
872 4026 898 4079 8.
918 4026 951 4079 Ut
964 4024 1076 4077 dirimas.
1089 4023 1196 4077 Scilicet
1206 4023 1253 4075 tin.
1265 4022 1345 4087 Xlll,

270 4114 413 4173 atatequaur
429 4122 458 4155 ea
476 4103 509 4155 rit
523 4122 635 4175 expansa
657 4124 664 4156 :
686 4123 700 4156 a
716 4104 787 4156 simi·
833 4124 892 4176 cap.
913 4126 937 4159 ι.
953 4106 1043 4159 llattu.
