2925 5009
199 484 208 499 ,
298 418 368 488 nu
391 417 571 486 cocco
595 418 661 488 ur
686 417 891 491 canals.
1061 426 1165 521 479.

91 541 160 599 Dtrm
174 537 230 593 buc
241 536 442 591 mimtontum
454 554 501 593 seu
514 535 621 591 hames
641 536 677 591 ad
696 536 813 591 debitam
830 538 1046 611 magnitudinem
1058 544 1132 599 iutu-

62 622 160 688 usnit,
176 635 243 675 tunc
261 621 369 676 ventris
389 620 460 675 cutis
477 638 524 673 seu
539 620 660 691 corporis
675 638 737 691 pars
750 640 835 693 prona
851 623 922 679 intus
937 628 1007 681 circa
1023 624 1134 684 domuin

61 704 226 765 convellitur,
246 716 276 756 et
295 720 415 756 vacuum
429 700 567 775 quoddam
582 703 696 775 spatium
715 703 785 757 inter
806 717 926 761 ventrem
945 720 971 761 et
984 720 1134 767 tomentum

61 794 99 847 cei
110 791 260 856 insidebat,
272 790 407 862 relinquit
418 811 426 845 :
439 792 530 863 sicque
543 790 690 865 millepedas
700 794 915 848 semicouvolutn
925 796 1016 851 similis
1028 798 1066 852 lit.
1077 799 1135 854 lice

58 881 85 936 in
95 880 179 952 spatio
188 898 279 933 vacuo
289 881 376 932 ovula
386 897 435 932 sua
446 877 576 950 deponit:
592 898 647 951 quo
665 881 754 945 lacto,
770 882 883 947 moritur
897 896 923 937 et
938 885 1096 939 exsiccatur.

88 968 208 1023 Excussis
228 967 343 1029 oeulis,
361 966 519 1019 animalcula
542 966 709 1039 aliquamdiu
727 969 778 1021 sub
793 969 884 1023 matris
899 970 1029 1027 cadavere
1042 972 1135 1027 delite-

58 1069 130 1111 scunt
137 1073 147 1119 ;
158 1055 263 1109 deinde
277 1056 309 1109 iu
324 1054 413 1107 lucem
426 1054 574 1126 prodeunt,
586 1056 716 1128 pabulum
729 1057 758 1109 in
773 1058 844 1111 loliis
855 1060 1012 1130 quaesitura,
1021 1081 1079 1115 nou
1089 1081 1136 1117 ro·

59 1144 139 1200 dendo
148 1156 178 1197 ut
189 1162 296 1207 eruce,
306 1142 357 1197 sed
367 1144 476 1196 illorum
485 1161 595 1197 succum
605 1143 764 1216 proboscide
777 1146 909 1217 sugendo.

88 1233 204 1305 Duplicis
215 1251 301 1287 sexus
315 1232 389 1285 inter
403 1250 436 1284 ea
448 1230 588 1303 distinguit
601 1235 636 1286 D.
645 1233 689 1286 Du
697 1234 859 1301 Risuunn3
872 1235 984 1290 feminas
994 1255 1089 1309 nempe
1099 1236 1134 1295 de

59 1320 309 1393 quibusbactenus,
322 1331 351 1373 et
362 1338 447 1373 mares
461 1338 477 1373 a
491 1320 626 1390 prioribus
642 1319 864 1377 distinctissimos.
878 1324 945 1376 Sunt
960 1326 1048 1387 enim,
1056 1328 1135 1397 juxta

60 1410 209 1473 tumeam,
216 1427 322 1465 musca!
333 1409 437 1480 exigue
446 1408 579 1461 culicibus
587 1408 904 1481 quadamtenusaitniles;
913 1430 958 1465 sex
968 1412 1082 1484 pedibus
1094 1416 1135 1469 in·

61 1510 170 1563 macte,
187 1512 313 1571 quatuor
331 1496 510 1551 anterioribus
520 1498 701 1565 brevioribus,
712 1510 739 1551 et
753 1498 857 1553 duobus
871 1502 1061 1571 posterioribus
1074 1503 1133 1557 lou·

61 1586 179 1657 potibus,
196 1599 324 1657 quatuor
341 1583 573 1637 articulationibus
586 1583 678 1638 divisis
690 1598 716 1638 et
729 1586 814 1639 tribus
828 1588 977 1660 unguiculis
990 1590 1078 1643 curvis
1092 1610 1134 1645 ur-

62 1674 136 1727 natis
144 1676 210 1727 Duas
221 1686 291 1725 suut
304 1685 433 1726 antonne
442 1671 470 1723 iu
483 1674 571 1743 eapite
584 1673 771 1745 sesquilineam
782 1674 882 1745 louge,
893 1676 1017 1741 mobiles,
1026 1679 1134 1751 oblique

64 1764 164 1829 mate,
180 1764 348 1817 articuistae.
362 1760 456 1815 Gauda
471 1759 591 1832 quandam
612 1761 718 1833 posticae
736 1764 854 1833 corporis
871 1765 939 1837 parti
958 1766 1134 1834 subnectitur,

63 1850 213 1903 aemiliorum
227 1852 315 1921 longa
324 1888 333 1913 ,
342 1867 404 1921 quaa
418 1847 562 1901 identidem
575 1849 605 1901 in
615 1848 682 1902 duas
691 1860 780 1919 partes
790 1850 914 1903 dehiscit.
926 1853 1025 1907 Totum
1036 1872 1134 1926 corpus

64 1936 154 1992 daubus
175 1940 226 1992 elis
247 1935 426 1991 translucidis
443 1937 583 2007 obtegitur.
607 1935 648 1990 sd
666 1938 752 1991 instar
770 1938 888 2009 pulicum
912 1957 1008 2011 magno
1032 1942 1133 2013 impetu

65 2027 164 2090 uiuat,
177 2040 205 2080 et
219 2026 334 2081 leminis
344 2023 529 2077 loecundaudis
539 2023 713 2077 destinantur.

95 2116 191 2182 llessis,
207 2127 292 2187 prout
305 2114 397 2167 hiems
409 2112 503 2166 sevior
516 2113 640 2166 mitioris
655 2113 755 2179 luerit,
769 2114 858 2167 tainus
871 2115 913 2168 vel
932 2115 1015 2186 magis
1035 2117 1132 2172 fertilis

66 2204 308 2259 &numerante
324 2201 390 2255 solis
401 2214 491 2253 ortum
506 2200 645 2271 unguibus
661 2218 773 2254 coccum
787 2200 933 2265 deraduut3
947 2216 1017 2257 etue
1030 2206 1133 2276 jactura

68 2288 104 2343 ht
117 2293 308 2347 inoectulorum
325 2290 497 2353 exclusione,
510 2288 579 2341 iilud
590 2301 667 2341 aceto
679 2289 850 2359 inspergunt,
864 2307 895 2343 ac
907 2290 1006 2346 deiude
1019 2294 1069 2347 soli
1087 2314 1133 2349 ex·

67 2391 155 2448 panum
160 2380 323 2434 siccandum
333 2396 341 2441 ;
355 2376 428 2430 nude
439 2377 557 2429 colorem
571 2377 683 2429 rubrum
694 2377 817 2447 acquirit.

38 2506 42 2515 -
98 2470 132 2521 De
149 2468 321 2521 sliakermes
341 2465 430 2538 specie
447 2464 580 2517 albicante
600 2463 755 2517 Garidellus
775 2477 800 2517 et
813 2464 951 2519 Emericus
971 2468 1131 2525 mentionem

71 2556 171 2621 bunut,
182 2576 268 2629 quam
287 2552 432 2609 vermiculi
445 2564 557 2605 matrem
569 2572 585 2605 a
598 2553 706 2605 rusticis
725 2553 862 2607 nominari
873 2554 1004 2609 referunt.
1025 2556 1078 2610 Sed
1092 2577 1133 2613 as·

72 2644 359 2715 auuntbancspeciem
377 2660 425 2694 ova
441 2640 573 2712 parturire
582 2640 735 2699 albicantia.
750 2658 781 2693 er
794 2642 893 2713 quibus
907 2643 1051 2698 albicantia
1064 2664 1132 2717 quo·

72 2750 116 2802 qne
122 2734 279 2788 animalcula
293 2731 409 2785 maculis
422 2729 553 2803 argenteis
569 2741 660 2782 notata
674 2741 835 2795 nascuntur,
845 2748 899 2783 nou
913 2750 976 2785 vero
990 2734 1088 2799 rubra,
1103 2746 1133 2789 ut

73 2822 355 2894 Ququuanusnsrrs13
370 2819 408 2873 ita
421 2819 608 2884 ntsecundnm
617 2838 711 2871 eornm
728 2821 904 2883 sententiani,
919 2821 972 2873 ulia
983 2822 1085 2895 species
1100 2825 1134 2879 sit

73 2906 184 2965 lamera
193 2912 278 2963 rubra
287 2927 384 2981 parum
394 2906 557 2979 discrepans.

102 3000 179 3054 uun
198 2999 273 3053 cocci
291 2998 410 3069 speciem
428 2996 605 3067 nigricantem
622 2994 788 3065 Hyacinthus
805 2994 945 3049 Cestonius
959 2996 987 3049 in
1009 2998 1134 3055 lletruria
1163 3049 1170 3059 ,

76 3085 287 3144 eiscsLiburnum
298 3085 448 3139 observarit
457 3103 535 3156 super
545 3084 619 3137 ilices
628 3085 751 3153 pumilus,
759 3102 841 3137 cocco
855 3084 995 3137 insector-io
1008 3088 1135 3145 similem.

77 3170 308 3231 lloematuritatem
319 3173 463 3244 adeptum,
474 3190 555 3226 succo
564 3172 694 3230 albicante
703 3183 730 3223 et
738 3170 833 3225 albidis
842 3172 928 3225 erulis
938 3184 1023 3245 turget
1037 3193 1044 3227 ε
1058 3186 1091 3229 ex
1101 3196 1136 3231 en

79 3277 201 3333 erumpunt
210 3264 372 3319 animalcula
383 3260 538 3315 bermesinis
546 3258 617 3312 haud
629 3258 777 3325 dissimilia,
789 3258 835 3313 sed
848 3260 988 3313 albicantia
997 3282 1005 3327 ς
1015 3282 1132 3333 quorum

78 3344 196 3403 binariam
210 3352 268 3406 inse
281 3360 434 3405 enarratam
449 3349 538 3419 legere
556 3359 595 3401 est
615 3348 643 3398 iu
655 3348 782 3417 operibus
795 3347 903 3401 Antonii
914 3348 1075 3403 Vullisnieri.
1092 3352 1132 3405 Ex

79 3431 202 3511 lisitsque
215 3438 381 3493 concludere
393 3437 455 3489 licet
468 3436 596 3506 plurimas
611 3452 669 3488 esse
687 3435 784 3488 horum
799 3436 1022 3489 animnleulorum
1038 3456 1132 3492 cocco-

80 3539 174 3597 rumque
183 3529 282 3599 speeies
301 3527 391 3580 colore
402 3537 503 3577 tentum
513 3523 640 3587 diversas,
655 3542 768 3596 quarum
784 3526 866 3576 rubra
877 3524 932 3577 sola
945 3523 972 3575 iu
988 3543 1067 3577 usum
1079 3544 1134 3580 me-

82 3606 154 3664 dicum
162 3628 185 3667 et
194 3616 362 3671 inlectorium
373 3612 454 3666 venit.
920 3620 926 3629 '

109 3698 213 3754 &ceum
226 3704 374 3777 bspbicum
391 3700 495 3753 duobus
506 3698 599 3751 usibus
612 3697 737 3761 inservit,
748 3698 874 3752 nimirum
887 3698 1040 3763 medicine,
1054 3712 1080 3754 et
1095 3704 1133 3755 la-

85 3782 116 3836 uis
126 3799 163 3839 sut
175 3791 258 3844 sericis
272 3788 416 3862 tingendis.

112 3870 155 3924 l’ra
165 3876 300 3931 medicinae
314 3895 364 3929 usn
377 3892 460 3947 pana
477 3893 569 3930 reeens
582 3874 694 3929 collecta
711 3887 738 3928 et
751 3876 818 3926 bene
836 3885 939 3926 matura
957 3874 984 3925 iu
1004 3876 1135 3928 mortario

86 3973 211 4017 wmoreo
222 3965 373 4019 tunduntur
385 3982 392 4016 ε
405 3975 515 4016 contusa
526 3964 683 4035 digeruntur
691 3966 720 4015 in
735 3964 795 4017 laco
807 3960 905 4031 frigido
914 3980 961 4033 per
973 3973 1074 4034 septem
1087 3964 1132 4017 ael

89 4048 226 4114 walanem,
239 4065 269 4107 ut
286 4051 359 4107 mcci
376 4051 504 4105 tenacitas
521 4051 650 4123 tantisper
665 4050 819 4106 dividatur:
834 4062 924 4121 postea
937 4068 1032 4104 succus
1045 4051 1133 4122 expri-
