2925 5009
333 434 409 509 326
612 440 653 511 C.
673 440 837 511 PLINII
866 439 968 511 NAT.
996 441 1122 511 HIST.

335 570 455 643 Vulvae
477 596 521 643 ac
545 575 671 644 ventris
691 574 854 645 fluxiones
881 576 962 645 sistit
998 574 1177 645 decoctum
1203 574 1285 669 ejus.
1324 578 1403 645 ltem

332 680 416 749 cinis
433 678 475 748 ad
494 681 639 749 tormina
655 695 755 777 potus
779 683 812 751 in
838 683 917 753 vino
938 681 1032 768 albo,
1061 682 1096 750 in
1121 680 1297 751 vulvarum
1320 686 1405 752 vitiis

331 784 591 857 efficacissimus.

299 916 312 952 ¹
384 894 476 963 le.
497 881 579 986 (vr.)
597 895 760 966 Proxime
777 895 953 967 varietates
972 918 1131 990 generum
1152 893 1403 965 medicinarum·

332 1024 419 1094 que,
442 1024 516 1095 quae
536 1000 624 1071 mala
641 1001 779 1073 habent.
801 1004 852 1073 Ex
865 1002 917 1073 his
932 1000 1054 1071 verna¹
1074 1000 1213 1089 acerba,
1231 1000 1401 1073 stomacho

331 1104 463 1177 innulia
485 1108 593 1177 suut:
618 1106 912 1194 alvum,.vesicam
937 1110 1187 1205 circumagunt,
1209 1132 1332 1179 nervos
1347 1106 1401 1177 lae-

332 1213 433 1283 dunt:
450 1228 545 1285 cocta
555 1212 702 1284 meliora.
712 1216 862 1287 Cotonea
870 1216 965 1287 coctu
978 1218 1148 1285 suaviora:
1158 1213 1275 1285 cruda'
1284 1230 1402 1301 nmen,

333 1319 507 1390 dumtaxat
529 1336 674 1408 matura,
695 1336 838 1416 prosunt
867 1323 1061 1418 sanguinem
1089 1321 1336 1393 exscreantibus
1364 1344 1400 1389 ac

333 1426 567 1522 dysentericis,
584 1426 777 1516 cholericis,
793 1428 948 1500 coeliacis.
964 1430 1043 1500 Non
1064 1428 1151 1499 idem
1172 1414 1330 1524 prosunt³
1350 1428 1401 1497 de·

334 1548 450 1622 cocta,
464 1535 623 1630 quoniam
639 1536 797 1605 amittunt
814 1537 1095 1631 constringentem
1110 1534 1199 1605 illam
1219 1536 1287 1604 vim
1306 1535 1398 1604 succi.

335 1642 562 1736 lmponuutur
574 1656 609 1711 et
617 1644 745 1737 pectori
762 1644 794 1711 in
807 1642 908 1713 febris
923 1642 1097 1712 ardoribus
1113 1656 1292 1711 :ettamen
1307 1640 1401 1711 deco·

334 1763 485 1841 quantur
498 1750 532 1817 in
545 1772 632 1843 aqua
645 1747 766 1819 caelesti
779 1749 820 1819 ad
835 1750 950 1819 eadem
962 1800 971 1833 ,
985 1774 1058 1845 quae
1071 1748 1302 1843 suprascripta
1318 1761 1397 1818 sunt

299 1884 314 1918 a
332 1852 385 1923 Ad
398 1843 579 1925 stomachi⁴
597 1870 708 1926 autem
726 1855 859 1927 dolores
874 1854 976 1926 cruda
995 1856 1176 1926 decoctave
1190 1857 1291 1925 cerati
1305 1854 1398 1924 modo

332 1962 559 2057 imponuntur.
580 1964 721 2059 lnuugo
737 1987 854 2033 eorum
871 1961 1092 2033 carbunculos
1108 1977 1204 2033 sanat
1211 1947 1232 2030 ⁵.
1249 1964 1353 2033 Cocta
1368 1962 1396 2028 iu

332 2164 444 2221 scoridis
458 2168 527 2221 elato
537 2169 636 2221 laxatos
646 2166 788 2221 committit
801 2185 845 2221 ar·
894 2169 929 2222 ss
943 2186 950 2221 :
968 2190 980 2213 ι
999 2167 1164 2239 Dpaentcriu
1184 2164 1393 2236 compescendo:

333 2246 449 2302 siculos:
463 2250 608 2322 χαλασμοὺς
623 2268 650 2302 ss
664 2246 846 2321 circipene-runai·
891 2247 1013 2319 Cydonia
1036 2260 1139 2301 matura
1151 2247 1235 2302 muds
1248 2246 1367 2302 eduntur.
1382 2270 1392 2291 ι

332 2346 379 2398 pas.
397 2326 487 2383 naun.
656 2324 662 2335 ’
890 2328 927 2382 Et
936 2346 960 2382 c.
971 2330 1024 2382 ab:
1040 2353 1051 2376 ι
1061 2326 1183 2381 Cbolerss
1195 2326 1331 2399 quamdo
1343 2344 1394 2380 suc·

372 2408 445 2463 LIV.
464 2428 489 2463 r.
510 2406 603 2460 Verisa.
622 2408 696 2459 Vere
717 2407 847 2479 rigentia,
890 2406 1025 2461 curritur:
1040 2404 1311 2481 Cydoniasimatura
1321 2404 1393 2461 cruda

332 2499 453 2553 matura,
466 2486 630 2560 tempestiva.
645 2486 796 2541 Dioscorid.
808 2500 847 2541 ta·
891 2486 919 2539 in
930 2488 991 2541 cibo
1005 2500 1153 2543 sumuntur.
1164 2514 1177 2536 ι
1195 2486 1286 2543 Haan.

332 2567 368 2621 lia
383 2580 447 2621 sunt
457 2585 559 2633 cerasa,
575 2586 678 2637 pruna,
692 2585 781 2631 mora,
796 2567 846 2621 lra-
932 2568 959 2621 3.
968 2568 1082 2621 Prosunt.
1091 2566 1139 2621 Gr.
1150 2566 1391 2639 etAl.pnssrnt.En.

332 2666 373 2719 ga.
386 2649 502 2701 Dar..-—
513 2648 605 2699 Verna.
624 2646 712 2700 Diosc.
726 2647 754 2713 Ι,
775 2646 846 2717 169:
931 2647 959 2709 4.
969 2647 1233 2701 fidecommissorum.
1241 2647 1317 2719 Erup.
1323 2666 1346 2699 c.
1354 2662 1391 2700 rx..

333 2726 372 2780 Τὰ
389 2723 419 2780 dl
443 2732 486 2781 τοῦ
506 2728 576 2798 dopo<
597 2726 743 2797 ἀκμάζοντα
763 2733 848 2799 μῆλα,
890 2745 918 2797 p.
935 2728 989 2797 139
1000 2745 1058 2799 sqq.
1078 2724 1374 2794 Ptin.vat.11,15.tt

332 2807 467 2875 χολοποιὰ,
483 2806 562 2861 disca
576 2812 612 2874 τῷ
626 2802 741 2876 nsupoidar
755 2806 847 2873 παντὶ,
933 2807 958 2863 5.
977 2808 1080 2877 ὶαιιιιςο
1092 2827 1172 2861 eorum
1191 2807 1343 2861 mmmm
1357 2824 1390 2855 ss·

333 2889 562 2959 ipmaupcros'ncc.
583 2912 594 2933 ι
607 2885 674 2951 Qun
686 2886 753 2941 mala
763 2905 847 2940 verno
890 2899 944 2940 nat.
956 2886 1061 2939 Vitiosa
1073 2886 1289 2959 interpunctione
1298 2886 1389 2940 labora·

332 2978 455 3037 tempore
479 2979 675 3031 maturescunt,
702 2966 784 3020 bilem
807 2966 847 3037 gi·
889 2966 936 3021 bat
953 2966 999 3021 bic
1018 2966 1119 3021 locus:
1146 2992 1158 3016 ι
1179 2968 1289 3039 Lauugo
1309 2980 1388 3019 eorum

333 3058 429 3118 gnum,
440 3065 537 3100 nervos
547 3064 639 3098 omnes
647 3044 847 3111 ledunt,inlla·
890 3046 1067 3100 carbunculos
1087 3060 1178 3112 sanat,
1195 3060 1270 3103 cocta
1289 3047 1317 3099 in
1335 3044 1389 3097 vino

334 3126 473 3199 tionesque
485 3126 628 3199 pariunt.»
647 3125 736 3180 Haao.
890 3140 917 3181 et
932 3126 999 3180 illita
1014 3144 1074 3179 cum
1090 3144 1160 3183 cera.
1178 3122 1389 3199 Alopeciiscapll·

374 3227 400 3260 a.
418 3206 512 3261 Cruda.
531 3205 614 3259 Marc.
638 3206 719 3277 Emp.
741 3225 765 3260 c.
785 3223 847 3271 xvr,
888 3206 946 3261 lum
959 3203 1084 3259 reddunt.
1100 3233 1111 3254 ι
1127 3207 1307 3274 Quamobrem
1322 3202 1388 3256 Dale·

331 3303 361 3357 p.
380 3304 457 3340 rso:
480 3311 492 3334 ι
509 3284 651 3339 Phthislcis
667 3297 694 3339 et
716 3285 847 3359 empyicis
889 3286 1009 3357 campius
1022 3285 1102 3339 reddit
1120 3287 1266 3341 arbitratur
1284 3300 1387 3340 mmmc-

332 3364 443 3436 prodest
455 3384 522 3439 aqna
534 3366 563 3418 in
577 3383 628 3437 qua
644 3364 765 3436 cydonea
778 3364 847 3419 mala
890 3363 950 3420 diua
966 3385 1047 3437 quam
1060 3366 1164 3419 reddant
1178 3368 1302 3421 hocloco
1320 3362 1365 3433 tegi
1379 3378 1385 3411 2

332 3459 407 3499 cocu
419 3446 532 3510 luerint,
554 3442 658 3499 assidue
677 3445 844 3517 propinata:
890 3446 1386 3517 utadtanuginementenriaenpectet.

332 3524 391 3597 ipsa
403 3526 484 3579 etiam
497 3524 519 3577 si
529 3525 632 3579 incocta
643 3522 845 3585 manducentur,
889 3544 943 3579 non
959 3524 993 3581 nd
1015 3526 1073 3597 ipsa
1088 3527 1166 3580 mala.
1182 3528 1284 3581 Verum
1304 3532 1386 3594 prater

330 3606 433 3675 jurant.
447 3630 459 3653 ι
475 3604 511 3659 Et
523 3624 547 3671 c.
560 3624 618 3671 xrs,
633 3624 660 3677 p.
679 3624 734 3659 rao
748 3622 756 3659 ε
768 3627 779 3649 ι
792 3604 846 3677 ey·
889 3602 1013 3660 codicum
1034 3607 1116 3677 liegg.
1136 3606 1217 3660 Colb.
1234 3618 1386 3661 ceterorum·

333 3683 419 3739 donea
434 3686 504 3739 bene
519 3698 623 3739 matura
637 3704 692 3739 non
713 3698 802 3749 cocta,
817 3683 845 3739 in
889 3686 1145 3758 qneauctoritatem,
1157 3688 1329 3757 conjecturam
1337 3696 1384 3733 eam

332 3763 394 3818 cibo
420 3777 542 3837 accepta,
571 3777 683 3837 prosunt
707 3764 846 3818 cholericis
889 3762 1062 3837 pessumdant
1086 3778 1209 3820 auctores
1229 3764 1298 3827 dno,
1315 3760 1385 3833 quie

332 3842 519 3915 reprimendis.
535 3871 546 3892 ι
569 3843 638 3898 Pliu.
657 3844 718 3899 vat.
742 3846 769 3906 1.
792 3848 845 3911 64,
889 3844 1017 3900 Plinianis
1038 3846 1157 3899 lontibus
1176 3846 1277 3899 areolas
1290 3837 1385 3897 suasrl·

332 3922 377 3976 cui
391 3924 504 3978 titulus:
518 3946 530 3969 s
546 3924 707 3997 Sanguinem
724 3924 845 3996 rejicien·
888 3938 993 3999 parunt.
1008 3926 1094 3979 Marc.
1109 3926 1190 3997 Emp.
1204 3944 1228 3979 e.
1244 3940 1322 3993 v1,1³·
1336 3920 1383 3982 46:

330 4002 401 4056 tium
425 4005 528 4059 curatio
551 4003 701 4077 :Cydonia
725 4017 843 4071 matura,
893 4004 1041 4079 «Cydonia
1062 4005 1147 4069 mala,
1166 4006 1269 4077 inquit,
1286 4000 1383 4055 disseca

247 4136 249 4139 ,
332 4082 435 4155 inquit,
445 4082 609 4139 devorantur
623 4082 716 4139 cruda.
730 4111 742 4133 ι
755 4084 789 4139 Et
799 4086 843 4151 11,
889 4104 950 4141 cum
968 4086 1047 4151 vino,
1066 4084 1166 4139 debinc
1185 4085 1265 4149 trita,
1280 4092 1382 4149 cetoque
