2925 5009
336 470 402 556 tlilp
683 471 963 541 EXCURSUS
989 473 1049 542 lll

328 594 420 655 latrias,
434 586 558 645 historice
567 589 639 661 juxta
654 588 722 644 hanc
739 602 857 662 partem,
869 610 952 663 qnam
966 594 1086 663 agimus,
1100 602 1178 664 putet
1193 580 1397 665 exponendum
1411 612 1421 647 .·

329 671 414 741 (lessi
430 682 542 732 τοιούτων
558 680 630 731 ὄντων
648 686 707 749 παρ’
729 682 864 753 Δίγωπῖοις
879 688 1026 753 septussis
1040 700 1109 735 rasus
1122 682 1289 752 initlampius
1304 681 1420 753 {appri-

329 790 386 821 sos.
397 765 498 834 «Quod
516 766 671 839 hujusmodi
688 766 787 820 luerint
797 766 871 840 apud
880 769 1019 841 AEgyptioe
1030 767 1234 841 stupelaeiesstia
1249 767 1291 823 sel
1299 768 1421 823 demul-

330 856 414 909 centis
429 854 634 909 medicamenta.
644 880 657 901 s

365 944 484 1010 Verum,
496 960 579 1015 quum
594 962 609 995 a
624 942 700 996 nohis
713 943 766 996 sint
784 942 935 1015 explicata,
949 962 1011 1017 qaas
1024 942 1138 997 delinire
1150 943 1254 996 animos
1269 956 1298 997 et
1306 944 1421 997 exhila-

330 1050 392 1086 rare
409 1032 570 1095 ereduntur,
593 1049 665 1085 nune
678 1029 712 1085 de
726 1032 782 1093 his,
797 1049 857 1105 quas
877 1051 910 1086 es
930 1044 1038 1104 stupore
1054 1044 1082 1087 et
1101 1032 1239 1085 oblivione
1256 1034 1315 1085 vim
1333 1052 1419 1086 susan

329 1120 512 1194 patefaciunt:
525 1118 753 1193 quemadmodum
765 1117 801 1173 de
813 1121 887 1191 opio,
900 1121 953 1174 hoc
965 1132 1022 1186 est,
1040 1120 1076 1175 de
1088 1122 1230 1193 papaveris
1247 1140 1336 1175 suero
1348 1160 1360 1185 ,
1376 1141 1420 1173 as·

329 1210 434 1265 seritur.
450 1210 526 1263 lllius
539 1228 585 1262 esu
595 1209 691 1263 Turro
703 1210 875 1264 animosiores
886 1212 971 1276 fiunt,
988 1210 1154 1282 minimeque
1173 1210 1236 1263 belli
1250 1211 1418 1282 perieulum

330 1308 522 1371 expavescunt.
540 1296 597 1351 Nec
612 1295 681 1367 apud
698 1314 746 1348 eos
762 1308 865 1348 tantum
882 1297 911 1349 in
930 1315 998 1364 usu,
1012 1308 1043 1349 ut
1060 1298 1155 1350 Petrus
1169 1297 1233 1350 Belo
1248 1296 1342 1351 refert
1362 1298 1419 1350 Oh-

329 1398 426 1439 servst.
440 1386 487 1438 lib.
501 1384 558 1449 111,
577 1402 636 1455 oap.
650 1385 698 1449 sl,
722 1382 770 1436 sed
789 1381 861 1454 apud
875 1385 982 1447 Persas,
1005 1384 1105 1449 Indos,
1126 1386 1243 1457 aliasque
1265 1386 1420 1457 quamplu-

330 1473 412 1527 rimas
426 1472 561 1532 ustiones,
580 1472 650 1524 inter
660 1490 726 1542 quas
743 1473 933 1543 AEgyptiorum
945 1484 1051 1544 gentem
1064 1483 1140 1525 notat
1151 1474 1269 1544 Prosper
1279 1474 1419 1545 Alpinus,

330 1566 377 1641 qui
391 1566 438 1619 diu
450 1566 477 1617 in
492 1566 608 1637 AEgypto
623 1574 754 1627 versatus,
765 1562 894 1634 peculiari
908 1564 1094 1618 observatione
1104 1565 1250 1634 cognorit,
1265 1582 1315 1618 eos
1330 1566 1421 1637 phas»

329 1672 406 1708 maes
417 1650 539 1726 quedam
554 1650 634 1703 animi
651 1651 734 1722 qratia
751 1650 847 1722 sepius
866 1650 1007 1714 adhibere,
1028 1669 1088 1724 quae
1108 1651 1292 1720 hilaritatem,
1311 1652 1419 1705 deinde

329 1756 464 1814 stuporem
478 1739 623 1806 advocant,
635 1750 661 1791 et
681 1740 797 1793 visiones
809 1739 946 1793 concitant
962 1738 1109 1794 admodum
1121 1738 1269 1810 jucundas,
1291 1740 1419 1813 ipsisque

329 1842 433 1903 optatas
446 1834 493 1897 (r).
506 1828 604 1881 Praeter
617 1827 688 1880 euim
700 1824 826 1879 cannabis
836 1825 950 1892 lolium,
970 1827 1045 1899 quod
1057 1846 1106 1899 per
1123 1828 1314 1881 esoelleotians
1330 1834 1413 1893 assu,

328 1920 357 1973 id
369 1932 426 1985 est,
440 1918 568 1980 herbam,
583 1927 692 1979 vocant,
706 1928 733 1968 et
744 1914 795 1969 alia
808 1914 943 1987 quedam,
957 1926 1080 1969 nostrum
1090 1917 1183 1989 opium
1194 1916 1258 1988 ipsis
1269 1919 1416 1990 precipuo

329 2008 358 2061 in
370 2024 435 2069 usu,
448 2004 521 2077 quod
540 2006 626 2076 Affioss
639 2002 754 2070 dieunt3
780 2002 911 2076 additque
930 2004 1015 2067 illud,
1038 2023 1094 2076 quo
1108 2022 1201 2057 omnes
1218 2018 1361 2073 utuntur,
1382 2025 1413 2059 es

330 2096 396 2151 locis
413 2094 516 2167 Ssjeth,
534 2092 581 2145 ubi
595 2092 659 2146 olim
673 2092 829 2147 Thebarum
848 2093 914 2146 urbs
933 2106 991 2147 erat
1009 2092 1225 2165 praeclarissima,
1241 2092 1413 2156 defersigihi

329 2184 427 2239 etenim
451 2184 524 2253 uigrs
543 2198 677 2253 papavera
698 2180 879 2253 copiosissime
902 2181 1082 2253 proveniunt,
1107 2171 1262 2253 cererisque
1283 2184 1411 2236 omnihus

329 2274 453 2329 facultate
465 2282 600 2343 prestant.

366 2361 466 2415 Marius
479 2358 643 2431 Schipanus‚
663 2358 705 2413 sir
719 2357 840 2412 doctrina
854 2372 880 2413 et
897 2359 1048 2413 eruditione
1066 2358 1234 2431 precellens,
1249 2359 1323 2413 mihi
1341 2359 1410 2412 allin-

330 2450 436 2515 mavit,
459 2448 571 2501 herbam
593 2444 782 2519 Polydamue‚
802 2458 829 2500 et
849 2446 1002 2501 Thebarum
1024 2446 1115 2519 opium
1135 2445 1206 2499 idem
1227 2446 1325 2503 luisse.
1344 2450 1410 2513 Qut

331 2536 440 2611 quidem
459 2533 513 2607 περὶ
528 2536 651 2595 meilleur
664 2533 756 2606 opinio
769 2532 866 2587 mirum
885 2534 912 2587 in
935 2534 1046 2588 modam
1063 2534 1151 2587 Poete
1169 2536 1297 2606 congruit
1316 2534 1409 2588 :haud

332 2626 404 2679 enim
423 2624 457 2677 de
479 2642 511 2677 eo
534 2634 637 2683 narrat,
665 2640 711 2674 eor
731 2620 866 2676 letificare
883 2634 909 2676 et
932 2624 1013 2677 animi
1033 2622 1192 2676 hilaritatem
1211 2621 1365 2691 inducere,
1380 2634 1407 2674 ot

331 2715 379 2789 qui
399 2712 434 2767 ad
450 2712 606 2784 buglossom
621 2728 772 2781 respexero,
788 2723 834 2763 ant
855 2715 889 2764 ad
904 2709 1082 2783 Theophrasti
1104 2710 1269 2763 oenothentu
1285 2711 1335 2765 lih.
1354 2710 1406 2769 11,

331 2822 390 2875 usp.
412 2819 443 2855 aa
460 2797 650 2867 (moderant,
666 2797 793 2871 quihanc
809 2798 920 2853 herbam
934 2798 1000 2853 illud
1016 2816 1072 2852 esse
1082 2797 1232 2864 slllrment,
1244 2810 1272 2851 et
1285 2796 1407 2854 brevitati

330 2888 471 2946 oonsulena
488 2886 582 2940 omitto
598 2884 782 2958 expendere),
805 2898 831 2939 et
845 2886 888 2939 vel
904 2906 935 2939 ex
952 2887 1034 2942 hoca
1049 2906 1114 2943 sero
1126 2887 1193 2940 alios
1206 2887 1349 2943 aberrasse
1365 2887 1408 2939 de·

331 2977 477 3033 monstrari
493 2986 595 3047 posset,
615 2974 661 3028 sed
677 2974 866 3027 tantummodo
885 2976 988 3041 luctus,
1004 2976 1067 3041 iras,
1083 2990 1111 3030 et
1132 2975 1267 3029 malorum
1288 2978 1405 3032 omniun

331 3068 492 3123 oblivionem
506 3066 614 3127 inferre,
626 3078 657 3118 ut
669 3078 741 3118 recte
750 3065 887 3119 Lucienus
897 3066 1008 3139 lh‘alogo
1021 3064 1056 3119 de
1068 3066 1130 3118 Salt.
1139 3064 1273 3123 ληθτδανὸν
1285 3071 1408 3141 pappam

331 3158 452 3214 absolute
464 3154 574 3223 dixerit,
590 3154 616 3208 id
632 3167 687 3219 est,
707 3180 720 3200 α
731 3154 893 3208 oblivionem
909 3156 1017 3227 pariens
1029 3156 1215 3229 induratosque
1228 3158 1405 3212 mediosmen·

333 3262 400 3301 tum.
416 3274 427 3291 ιι
452 3246 532 3299 Plena
555 3243 626 3296 enim
641 3241 784 3296 oblivionis
804 3260 937 3315 papavera
953 3256 1036 3296 suut:
1058 3242 1132 3296 uude
1153 3244 1260 3297 Servius
1283 3246 1319 3299 ad
1343 3243 1405 3298 illud

331 3336 453 3392 Maronis
473 3352 577 3388 carmen
597 3331 632 3384 G.
650 3332 678 3397 1,
703 3333 738 3403 78
751 3347 759 3383 t
778 3356 791 3377 ·
800 3331 889 3384 Urunt
902 3332 996 3385 lethaeo
1009 3334 1116 3404 perlusa
1127 3351 1260 3405 papavera
1272 3354 1384 3395 somno,
1393 3356 1404 3377 .

332 3438 363 3479 ut
376 3426 402 3477 in
416 3424 550 3496 plerisque
562 3420 640 3483 solet,
650 3417 829 3471 eruditissime
846 3432 973 3475 annotat:
985 3421 1110 3474 Cererem
1123 3423 1157 3473 ab
1169 3424 1237 3475 Jove
1252 3440 1403 3477 oomsnonr·

331 3515 446 3579 factam,
466 3528 599 3584 papavere
608 3512 717 3575 (Cereale
730 3506 804 3581 apud
817 3506 942 3561 eumdem
953 3508 1048 3582 virgil.
1060 3510 1199 3581 Georg.1,
1211 3528 1271 3573 aaa,
1285 3515 1404 3575 vocatur)

333 3600 455 3658 orbitatis
467 3600 593 3663 oblitam,
608 3616 691 3671 quum
704 3598 758 3669 jpm
777 3598 963 3669 Proserpinam
977 3611 1077 3671 raptam
1096 3618 1111 3653 a
1128 3599 1243 3653 Plutone
1255 3620 1291 3654 es
1305 3601 1403 3655 interm

332 3692 450 3765 recipere
467 3708 521 3742 non
543 3686 683 3761 potuisset.
700 3686 733 3737 Et
746 3686 798 3739 hoc
813 3684 895 3740 modo
906 3685 1065 3741 dubitationi
1077 3687 1242 3754 occurritur,
1258 3708 1297 3743 ne
1310 3703 1403 3745 temese

363 3822 398 3885 (s)
411 3822 490 3885 Opiats'
497 3818 617 3882 quoddam
627 3832 707 3881 genus,
720 3817 898 3880 Kaemplsrasin
907 3820 996 3867 Amen.
1005 3820 1151 3867 eleetssss'sas
1160 3819 1282 3883 laets'liom
1290 3822 1401 3884 appellata

333 3900 524 3966 quandoquidem
536 3898 674 3946 sumentium
687 3900 776 3943 animos
786 3898 850 3944 miris
862 3898 1007 3961 perfundere
1014 3900 1113 3961 gaudiis,
1123 3908 1146 3945 et
1153 3898 1226 3944 veluti
1237 3900 1335 3960 magicis
1346 3914 1402 3947 octr-

331 3985 402 4030 hruut
422 3982 554 4029 demulcere
570 3978 712 4041 imaginihus
731 3978 825 4025 dieitur.
840 3980 876 4026 De
892 3980 1009 4042 Papaoese
1022 3980 1145 4035 mairiam
1166 3979 1247 4041 opium
1267 3981 1321 4025 eliri
1339 3992 1400 4025 nemo

332 4076 381 4108 non
391 4058 469 4113 norit,
478 4058 543 4121 quod
557 4072 601 4120 pro
613 4058 730 4119 nepenthe
738 4058 849 4105 Veterum
860 4058 922 4104 inter
933 4060 1083 4106 lleoentiores
1094 4058 1182 4105 hahent
1193 4060 1399 4107 Dn.v1r.rouos.

335 4145 433 4193 Vtass.
445 4140 592 4191 Srsasost„
607 4138 708 4185 etmulti
721 4138 774 4193 alil,
790 4150 817 4185 nt
833 4140 880 4199 jam
891 4140 922 4186 sd
933 4140 992 4185 lore.
1007 4141 1076 4186 Plinii
1085 4138 1133 4186 ritt.
1142 4141 1282 4186 monuimus.
1299 4142 1343 4187 En.
