2925 5009
296 468 352 573 C.
389 470 629 575 PLINII
663 470 1005 581 SECUNDI

110 726 663 853 NATURALIS
701 727 1180 853 HISTORIAE

419 992 610 1098 nicea
648 994 870 1081 xxvn.

341 1212 954 1250 w

104 1404 130 1469 l.
149 1350 402 1493 (1.)Cnsscir
420 1404 571 1499 profecto
585 1404 674 1501 apud
689 1430 744 1475 me
765 1418 854 1475 certe
872 1418 1016 1473 tractatu
1032 1405 1105 1499 ipso
1116 1405 1176 1474 ad·
1199 1428 1211 1463 ¹

58 1582 67 1588 ,
103 1508 241 1577 miratio
266 1511 490 1604 antiquitatis3
517 1526 709 1607 quantoque
743 1511 850 1605 major
873 1512 970 1606 copia
997 1510 1177 1581 herbarum

103 1613 248 1683 dicenda
270 1628 387 1703 restat,
415 1630 508 1688 tanto
530 1620 634 1713 magis
660 1616 801 1689 adorare
819 1618 1005 1714 priscorum
1029 1617 1064 1685 in
1088 1620 1177 1686 inve·

103 1719 229 1788 niendo
244 1742 379 1811 euram,
398 1722 430 1791 in
445 1722 607 1795 tradendo
623 1725 859 1819 benignitatem
874 1723 971 1793 subit.
990 1724 1063 1793 Nec
1075 1722 1178 1793 dubie

103 1840 263 1920 superata
286 1827 351 1897 hoc
378 1826 479 1901 modo
508 1844 619 1926 posset
647 1830 752 1901 videri
779 1832 879 1901 etiam
906 1854 1018 1899 rerum
1046 1844 1176 1899 naturae

103 1932 210 2025 ipsius
227 1934 506 2021 munificentin‚si
524 1936 661 2006 humani
677 1940 787 2032 operis
804 1951 891 2007 esset
905 1935 1173 2006 inventi0.Nunc

103 2062 187 2107 vero
203 2037 342 2109 deorum
357 2040 455 2111 fuisse
468 2066 541 2111 eam
553 2057 707 2137 apparet,
727 2057 786 2111 aut
794 2056 884 2112 certe
895 2042 1174 2127 divinum‚etiam

103 2169 210 2238 quum
228 2144 330 2217 homo
347 2148 529 2236 inveniret3
550 2148 767 2244 eamdemque
785 2150 934 2219 omnium
950 2162 1122 2242 parentem
1139 2162 1174 2219 et
1204 2232 1208 2238 .

103 2252 258 2344 genuisse
279 2251 366 2339 brec,
387 2269 421 2323 et
438 2254 636 2341 ostendisse,
654 2254 748 2325 nullo
763 2257 840 2325 ritae
853 2251 1013 2323 miraculo
1030 2253 1173 2347 majore,

104 2358 133 2425 si
159 2380 278 2427 verum
303 2358 398 2429 fateri
426 2360 590 2430 volumus.
612 2362 799 2456 Scythicam
821 2360 959 2431 herbam
985 2357 1022 2427 a‘
1042 2361 1208 2430 Maeotis²

104 2460 301 2556 paludibus,
321 2480 355 2537 et
373 2467 591 2562 euphorbium
604 2492 622 2536 e
636 2483 751 2538 monte
763 2466 896 2537 Atlante
917 2464 1070 2560 ultraque
1084 2468 1173 2536 Her·

103 2567 188 2638 culis
204 2569 393 2642 columnas:
411 2576 529 2669 etipse
547 2598 658 2642 rerum
677 2586 805 2643 naturae
818 2574 950 2642 defectu
959 2573 983 2659 ²,
1000 2587 1095 2666 parte
1109 2570 1174 2641 aliu

103 2675 325 2746 britannicam
347 2704 389 2748 ex
406 2680 534 2751 Oceani
559 2678 674 2749 insulis
691 2694 784 2750 extra
804 2694 911 2749 terras
928 2678 1059 2772 positis,
1081 2678 1174 2747 item·

103 2807 171 2876 que
190 2782 401 2880 aethiopidem
418 2786 461 2859 ab
480 2801 597 2857 exusto
618 2784 782 2857 sideribus
800 2811 861 2856 axe
882 2808 890 2851 :
913 2782 993 2853 alias
1014 2797 1174 2877 praeterea

103 2886 239 2958 aliunde
256 2888 344 2962 ultro
358 2893 509 2989 citroque
524 2894 678 2963 humanae
689 2892 786 2963 saluti
799 2894 834 2963 in
849 2905 923 2961 toto
935 2890 1018 2957 orbe
1032 2892 1172 2983 portari,

104 2995 266 3065 immensa
288 3022 433 3070 romanae
458 3002 549 3095 pacis
581 3000 770 3094 majestate,
796 3024 866 3069 non
890 2996 1043 3067 homines
1070 2994 1174 3065 modo

104 3098 245 3173 diversis
264 3104 351 3175 inter
370 3132 406 3177 se
422 3108 519 3177 terris
533 3105 770 3201 gentibusque,
788 3104 1022 3175 verumetiam
1041 3116 1173 3173 montes

104 3223 139 3277 et
156 3210 348 3280 excedentia
365 3214 400 3281 in
419 3213 525 3282 nubes
542 3213 641 3307 juga,
664 3226 846 3307 partusque
866 3233 984 3279 eorum
999 3222 1035 3278 et
1052 3207 1174 3278 herbas

104 3340 238 3409 quoque
263 3318 403 3387 invicem
426 3331 623 3388 ostentante.
651 3318 845 3404 AEternum‚
874 3338 1006 3411 quaeso,
1033 3312 1175 3384 deorum

104 3422 146 3491 sit
169 3447 290 3493 munus
309 3424 407 3495 istud.
434 3424 528 3495 Adeo
551 3428 742 3513 Romanos,
764 3422 857 3495 velut
878 3422 1017 3492 alteram
1042 3418 1176 3509 iucem,

103 3526 233 3598 dedisse
250 3529 348 3599 rebus
365 3531 521 3601 humanis
538 3531 704 3601 videntur.

143 3688 166 3739 1.
182 3702 205 3739 t.
214 3683 351 3759 Scythica
364 3686 460 3741 urtam
472 3707 489 3740 a
500 3686 615 3752 Mareu,
659 3684 694 3741 de
704 3686 803 3758 quibu·
812 3686 880 3740 iocis
895 3684 951 3737 suis
962 3682 1089 3737 diximus.
1102 3682 1176 3737 Gro-

103 3778 155 3820 etc.
170 3766 295 3839 Scythica
306 3766 388 3820 herb·
404 3768 484 3821 nobis
501 3780 540 3821 est
550 3766 617 3839 th·
660 3784 724 3825 nov.
745 3778 772 3820 et
790 3767 833 3820 At.
850 3777 911 3819 onte
929 3762 1014 3818 und.
1032 3763 1177 3826 Moeotr'disr

104 3846 216 3917 cymbia
235 3846 340 3917 gladon,
352 3847 395 3901 vel
410 3848 454 3901 Gt.
465 3849 617 3917 asperrima.-
661 3859 689 3900 et
707 3846 789 3917 paulo
802 3862 883 3917 snpra
895 3844 1017 3907 dumam,
1031 3855 1062 3897 ut
1079 3843 1177 3914 etipse

105 3925 273 3997 euphemia,
285 3924 380 3979 codem
395 3928 506 3981 numine
520 3928 555 3980 E.
576 3927 617 3994 cs·
662 3927 737 3979 Brot.
749 3945 820 3991 non,
833 3926 949 3979 divinum.
963 3925 1015 3977 En.

101 4004 231 4073 firmanus
243 4026 253 4059 .·
263 4006 428 4071 britannica,
440 4008 617 4078 flumusque·
703 4026 730 4059 s.
751 4006 857 4059 Natura
874 4004 979 4071 desecta.
1001 4004 1037 4055 Et
1054 4001 1101 4056 ubi
1120 4003 1178 4071 ipsa

107 4090 194 4138 earu:
220 4084 358 4157 tubicinis,
380 4085 464 4139 Salvia
486 4098 617 4157 argentm
663 4102 754 4139 rerum
769 4099 863 4139 nature
877 4082 977 4137 deficit.
990 4078 1083 4135 Hanc.

935 4178 997 4250 51⁴
