2925 5009
424 473 581 543 cluna
608 475 727 544 xxv.
1038 470 1106 570 567

55 635 131 680 eum
146 611 260 680 semine
270 595 370 678 uter*
388 633 423 678 se
441 607 606 704 implexis,
617 607 709 678 velut
728 609 762 676 in
777 604 976 702 polyporum
996 609 1107 679 cirris:

57 733 87 786 ct
102 741 215 786 succus
232 731 337 784 autem
351 717 385 783 in
403 701 486 784 usu⁵
502 719 535 785 vi
555 739 683 784 summa
705 716 739 783 in
756 713 991 810 refrigerando.

105 825 259 892 xxxtv.
277 822 476 892 Gentianam
495 824 620 892 invenit
638 809 797 892 Gentius¹
819 845 876 889 rex
900 819 1106 916 lllyriorum,
1129 863 1139 894 ι

57 929 176 1024 ubique
198 943 399 1014 nascentem,
423 931 456 998 in
485 929 616 1024 illyrico
644 943 757 996 tamen
786 930 1109 1022 praestantissimam,

58 1033 131 1106 iulio
158 1035 301 1104 fraxini:
332 1034 390 1104 sed
421 1036 647 1130 magnitudine
680 1034 833 1120 iactucae,
853 1033 948 1104 caule
977 1049 1111 1123 tenero,

58 1139 196 1236 poilicis²
211 1140 438 1227 crassitudine,
456 1165 540 1210 cavo
555 1157 589 1211 et
606 1143 709 1220 inani,
729 1165 769 1208 ex
783 1139 963 1210 intervallis
978 1141 1109 1225 foliato,

59 1250 150 1318 trium
167 1248 336 1342 aliquando
352 1247 560 1336 cubitorum,
579 1248 688 1318 radice
704 1246 810 1332 lenta,
832 1249 1008 1343 subnigra,
1040 1250 1111 1319 sine

56 1340 184 1441 odore³,
196 1355 322 1450 aquosis
341 1355 511 1424 montibus
528 1355 716 1450 Subaipinis
735 1351 886 1447 piurima.
903 1357 993 1423 Usus
1012 1356 1046 1424 in
1064 1379 1111 1424 ra·

58 1459 171 1530 diceet
187 1449 311 1530 saecul.
334 1460 469 1530 Radicis
491 1477 608 1530 natura
623 1475 671 1530 est
688 1460 938 1543 excalfactoria,
954 1460 1012 1530 sed
1025 1487 1111 1557 prae·

58 1567 220 1660 guantibus
235 1591 303 1636 non
323 1567 476 1635 bibenda.

103 1676 239 1742 XXXV.
256 1675 391 1742 invenit
403 1687 436 1742 et
452 1671 834 1768 Lysimachusberham'
852 1673 1112 1768 Lysimachiam,
1134 1717 1144 1750 ι

62 1803 126 1872 qua
147 1779 189 1848 ab
213 1805 253 1850 eo
281 1805 404 1849 nornen
429 1783 562 1866 retinet,
584 1780 748 1850 celebrata
774 1781 984 1850 Erasistrato.
1003 1780 1113 1852 Folia²

61 1997 103 2031 ree
121 1993 206 2035 temus
227 1983 411 2034 eemdealutenr
427 1981 552 2034 Columu.
599 1981 652 2045 bit,
667 1980 713 2051 qui
729 1979 791 2032 ideo
807 1999 909 2034 muscas
920 1981 1078 2047 interliciat,
1089 1997 1114 2035 ct

60 2057 145 2130 isphr
159 2063 184 2120 1.
201 2069 327 2133 49‚psg.
352 2061 416 2124 155,
434 2059 480 2112 sed
498 2079 553 2112 nort
598 2065 734 2132 serpentes
744 2061 825 2131 fuget.
841 2061 1112 2116 Dan-Sincaius.

61 2151 122 2192 ωηο
138 2142 197 2194 satis
215 2143 304 2195 babet.
327 2141 408 2194 Coni.
421 2140 489 2192 illst.
505 2139 553 2192 liei
600 2143 634 2192 At
654 2153 762 2192 nonest
779 2142 890 2194 omniuo
908 2159 1002 2212 expers
1023 2141 1114 2196 odoris

62 2216 123 2271 ies.
135 2222 162 2284 l,
180 2221 243 2276 183.
253 2222 305 2274 En.
599 2221 626 2271 in
638 2221 702 2271 caio
716 2233 808 2273 nostro
823 2223 942 2292 soloque.
958 2221 994 2274 it.

96 2305 119 2360 l.
132 2301 206 2354 ieter.
217 2302 250 2352 ln
266 2319 322 2354 sese
336 2311 431 2352 mutuo
444 2317 556 2352 conver·
643 2305 669 2360 4.
684 2299 748 2351 Usus
759 2305 784 2351 in
798 2301 879 2352 radice
893 2312 917 2352 et
930 2321 1008 2354 aureo.
1020 2301 1111 2356 Dioec.

62 2377 101 2438 s't,
110 2382 140 2440 tie
153 2382 246 2438 &ania
256 2382 368 2434 reiense.
384 2379 475 2433 Hans.
601 2380 651 2431 iuc.
665 2379 709 2432 cit.
724 2379 814 2432 lirun.

95 2458 117 2512 5.
131 2461 256 2513 d'tsaecus
268 2472 347 2512 auleas
361 2463 386 2510 in
396 2479 448 2512 usu.
463 2459 552 2511 Diosc.
640 2459 758 2511 XXXV.
777 2477 803 2512 1.
817 2461 912 2511 invenit
923 2473 948 2511 et
961 2461 1115 2533 Lysimachus

62 2533 107 2588 be
118 2541 194 2608 paulo
205 2539 328 2602 uberius,
340 2538 359 2590 i.
372 2557 396 2591 c.
411 2537 501 2591 liano.
600 2538 712 2604 herbam,
724 2550 775 2591 etc.
793 2539 959 2612 Hesychius:
971 2545 1115 2613 Δυσιμαχὶα

95 2617 210 2672 xxxiv.
241 2638 265 2673 1.
293 2619 439 2672 Gentianam
468 2622 556 2670 invenit
602 2619 695 2683 βοτάνη
712 2620 835 2689 eipeieian
854 2620 902 2671 oni
919 2622 1115 2692 Auotpdzom

66 2692 157 2751 Galim
176 2697 277 2752 Iisdem
294 2698 383 2752 verbis
404 2697 553 2751 Dioscorid.
600 2698 759 2772 Lysimacho
779 2699 879 2751 scilicet
897 2698 1018 2753 Thracio
1037 2719 1116 2774 rege,

63 2771 219 2852 hblli,oap.
237 2779 269 2840 3,
283 2777 415 2834 reseravi-e
425 2815 433 2842 ,
444 2778 557 2830 etoile·
600 2777 747 2830 Alexandri
767 2777 876 2830 comite.
891 2777 936 2832 Sic
949 2778 1046 2833 dictam
1070 2783 1114 2834 alii

64 2858 185 2926 neuepnd
199 2877 295 2912 omnes
304 2857 426 2910 oi'iiciuas
441 2857 555 2920 retinet,
600 2869 708 2928 putant,
720 2857 791 2929 παρὰ
805 2860 833 2910 ri
845 2859 910 2910 λύειν
924 2859 1024 2929 μάχην,
1041 2857 1115 2932 quod

64 2937 340 2999 mansuariorum
348 2937 482 3007 pingitur,
493 2955 555 3008 pag.
600 2937 774 2990 animantium
795 2953 899 3008 pugnes
912 2937 1028 2992 dirimat.
1042 2941 1115 2993 Reti-

68 3010 117 3075 iio.
130 3017 165 3070 ile
177 3018 279 3072 Gentio
287 3035 349 3087 rege
361 3017 443 3068 turrita
455 3017 555 3079 Livius,
600 3027 645 3068 net
655 3035 752 3068 nornen
763 3016 834 3087 apud
843 3018 986 3070 herbarios.
995 3019 1114 3073 Pliniana

66 3089 100 3145 iia
112 3095 207 3169 XL,p.
223 3098 291 3166 ⁵¹7·
306 3097 376 3149 Cum
391 3097 489 3148 Perseo
498 3095 555 3148 ide·
600 3096 672 3158 herc,
686 3113 746 3167 quae
765 3115 901 3167 purpurea
918 3111 973 3162 est,
990 3101 1075 3169 major
1089 3115 1115 3152 er

67 3170 146 3227 done
163 3177 265 3232 bellum
293 3177 418 3228 Romanis
439 3176 554 3236 intulit,
600 3177 769 3238 communis,
792 3189 912 3230 accurate
936 3176 1114 3233 delineaturu

67 3256 265 3310 mendacius
282 3255 488 3326 intriumpbum
506 3267 554 3308 est.
600 3255 858 3320 Clusio‚Hist.iiar.
874 3259 911 3326 pi.
926 3257 1115 3330 1V‚pag.5r;

66 3327 123 3386 vta.
133 3334 243 3408 limrop.
257 3335 306 3387 lib.
321 3335 364 3397 11,
381 3353 440 3406 pag.
452 3339 508 3405 767
529 3347 556 3388 et
599 3336 653 3388 visa
665 3352 678 3386 e
691 3335 768 3387 nobis
781 3335 809 3386 in
825 3336 911 3388 Horto
927 3339 1009 3407 regio.
1022 3339 1112 3393 Hanu.

69 3411 121 3478 769.
130 3413 217 3470 lirun.
232 3445 272 3458 -
282 3413 438 3469 Gentianam.
459 3413 557 3467 Hodie·
604 3415 779 3467 -Nobisest
788 3415 905 3487 Lytlernm
913 3416 1035 3470 Salican'e
1045 3415 1116 3479 (Do-

67 3501 106 3556 φο
115 3495 186 3548 nobis
199 3495 326 3550 Gentiana
339 3495 403 3546 lietera
416 3485 555 3562 (Pertund.
600 3495 702 3548 decem.
722 3513 852 3567 monogyn.
868 3513 928 3566 gen.
948 3499 1019 3551 1182
1042 3497 1114 3551 Pers.

68 3565 334 3646 ibn-genuast’er.
343 3563 554 3643 Crucisalum).
602 3573 706 3627 Saliene.
723 3575 740 3626 J
743 3572 819 3638 uss).
833 3577 941 3628 Habitat
950 3577 977 3628 in
988 3579 1094 3648 aquosis
1107 3595 1116 3632 .·

67 3645 152 3706 ffihitst
171 3663 198 3713 iu
221 3655 336 3726 Alpibus
363 3667 390 3706 et
412 3653 557 3725 subalpinis
602 3655 782 3726 aLysimacbr'a
794 3667 911 3706 nostrate
924 3665 950 3707 et
962 3673 1075 3727 genere,
1090 3671 1117 3711 et

68 3731 140 3792 uma
153 3731 202 3789 En.
604 3733 703 3788 ordine
715 3735 825 3786 omnino
837 3731 983 3787 diversum.
995 3735 1046 3789 En.

100 3827 120 3862 ²·
133 3813 205 3868 Caele
216 3827 305 3878 tenero,
315 3815 420 3884 pollicis,
430 3827 481 3868 etc.
491 3812 558 3866 Dio·
646 3833 671 3866 a.
686 3813 769 3866 Folia.
782 3813 826 3866 Sic
838 3815 916 3867 etism
931 3833 945 3867 a
959 3815 1118 3869 Dioscoride

69 3889 146 3944 sorta
158 3892 209 3949 loe.
222 3895 267 3947 eit.
280 3893 370 3946 lisam
604 3891 779 3957 describitur,
795 3893 843 3946 iib.
859 3893 908 3952 IV,
922 3913 981 3966 onp.
996 3893 1116 3949 &buer-

101 3967 122 4022 3·
133 3970 276 4028 Sinodure.
285 3973 395 4026 Falsum
405 3971 433 4026 id
444 3985 498 4038 est,
509 3989 559 4026 nec
604 3973 708 4042 μάχιον,
721 3975 742 4025 ai
752 3969 782 4026 di
791 3973 877 4044 λῦτρον
888 3979 1011 4027 καλοῦσιν.
1025 4017 1031 4028 .
1044 4015 1050 4027 .
1062 3978 1118 4047 eta.-

70 4042 145 4101 ebutio
154 4051 477 4124 proditumssioscorides
488 4071 560 4106 acer·
603 4061 650 4104 λων
670 4059 786 4118 tenear,
809 4057 986 4125 παραπλησίων
1004 4059 1054 4118 τοῖς
1072 4059 1118 4114 ri:

72 4121 262 4188 incautiorem
271 4132 362 4187 saliitu
372 4129 484 4186 reddere
497 4133 560 4186 scri·
606 4134 683 4192 iriae.
699 4131 790 4185 ilino.
