2925 5009
239 442 261 509 8
514 446 551 511 C.
578 444 748 513 PLlNll
772 443 879 511 Nat.
906 444 1034 511 HIST.

208 608 216 641 t
293 580 371 647 vlt.
402 576 536 647 Florum
554 577 687 673 quidem
711 576 855 672 populus
875 601 1033 647 romanus
1049 576 1213 645 bonorem
1239 580 1315 647 Sci·

239 684 331 778 pioni
351 697 480 753 tantum
502 684 628 754 habuit.
651 682 805 779 Serapio¹
830 682 1148 778 cognominabatur,
1174 698 1316 779 propter

240 788 487 859 similitudinem
506 792 605 861 suarii
622 790 793 883 cujusdam
815 790 1039 884 negotiatoris.
1058 790 1114 859 Ob
1132 790 1166 858 id
1184 804 1255 859 erat
1274 792 1313 859 in

240 896 410 967 tribunatu
429 896 517 989 plebi
536 896 716 967 admodum
735 911 866 991 gratus,
877 896 1063 992 dignusque
1079 896 1313 967 Africanorum

241 1000 372 1071 lamilia.
398 1003 469 1073 Nec
492 1019 564 1073 erat
581 1006 615 1073 in
637 1004 734 1073 bonis
761 1003 886 1073 funeris
908 1008 1066 1097 impensa.
1090 1001 1206 1073 Asses¹
1228 1027 1314 1098 ergo

240 1108 381 1178 eontulit
397 1108 561 1204 populus,
576 1134 616 1179 ac
631 1109 730 1181 funus
742 1108 904 1198 elocant,
915 1133 1047 1205 quaque
1061 1108 1314 1202 praeferebatur,

241 1201 360 1284 llores³
381 1240 398 1283 e
418 1230 596 1312 prospectu
617 1217 708 1285 omni
728 1217 859 1310 sparsit.

208 1348 217 1381 ι
295 1324 389 1389 Vlll.
412 1324 456 1391 Et
472 1322 541 1417 jam
566 1337 645 1391 tunc
670 1346 802 1391 coronae
824 1320 990 1391 Deorum¹
1014 1321 1122 1391 honos
1140 1334 1254 1408 erant,
1278 1336 1317 1391 et

240 1526 361 1581 dolenter
371 1528 481 1599 scriptas
490 1528 589 1581 litteras
602 1545 645 1581 eas
656 1526 755 1591 iunuit,
798 1545 877 1579 omnes
906 1529 1005 1596 coegit,
1036 1524 1089 1578 boe
1118 1537 1172 1587 est,
1208 1525 1315 1577 obstrui

241 1619 272 1660 ut
285 1607 459 1679 ingemiscere
471 1605 672 1680 quodammodo
682 1604 755 1659 ride·
799 1607 935 1660 senonas.
950 1606 1003 1659 llas
1017 1607 1105 1659 ἀνθέων
1120 1603 1205 1671 βολὰς,
1212 1602 1315 1657 florum

241 1700 341 1741 rentur.
354 1689 442 1741 Deum
458 1700 544 1741 autem
556 1700 651 1751 rorat,
665 1698 695 1739 ut
706 1687 754 1739 lib.
798 1687 947 1757 sparsioues
964 1698 1085 1756 receptas
1102 1684 1131 1737 in
1153 1701 1221 1748 eoa,
1246 1701 1318 1755 quos

241 1767 311 1832 Vll,
329 1786 387 1839 cap.
407 1771 443 1831 46
463 1786 470 1821 ε
493 1769 549 1821 -In
570 1786 672 1821 summa
688 1765 756 1819 deur
798 1766 901 1819 bonore
921 1766 1047 1819 volebant
1065 1765 1188 1827 affectos,
1206 1762 1317 1835 Lipsius

241 1847 302 1911 illc,
316 1848 464 1918 caelumque
475 1848 564 1901 nescio
581 1846 692 1918 adeptus
701 1864 757 1900 ma·
799 1844 834 1899 ad
845 1846 931 1899 Taciti
941 1847 989 1899 lib.
1001 1846 1065 1911 XV,
1075 1848 1131 1917 jam
1145 1844 1212 1896 olim
1222 1859 1255 1896 ex
1267 1862 1316 1897 ra·

191 1942 197 1955 ·
243 1926 340 1997 albin
358 1928 569 1991 meritus‚etc.·
588 1928 680 1980 Hero.
799 1926 848 1979 riis
870 1926 1024 1979 auctoribus
1044 1923 1188 1979 adnotavit.
1209 1921 1243 1975 ld
1264 1924 1315 1977 ob·

284 2007 346 2059 vn.
368 2025 391 2061 r.
414 2004 515 2076 Serapio
534 2006 755 2088 eopnomlnolatnr.
801 2018 933 2060 senatum
945 2022 1056 2075 quoque
1068 2006 1097 2057 in
1110 2002 1187 2057 Bruti
1203 2002 1315 2069 iuuat,
1387 1996 1392 2001 ’

243 2086 271 2138 la
294 2098 332 2139 est
362 2084 503 2151 videlieet,
528 2104 608 2158 quem
637 2086 758 2157 Serapio·
801 2098 894 2139 auctor
913 2096 953 2139 est
969 2085 1050 2139 Dion.
1068 2084 1155 2163 Helie,
1172 2082 1219 2135 lib.
1229 2082 1267 2137 V.
1281 2084 1316 2135 ln

243 2184 306 2217 nerra
333 2184 442 2237 quoque
471 2166 687 2236 cognominatum
719 2165 759 2216 vi·
800 2164 984 2219 sunereetiam
993 2164 1055 2217 filiae
1066 2162 1315 2235 Virginitatem

244 2242 333 2297 dimus
348 2244 366 2299 l.
378 2246 448 2308 vlt,
465 2264 489 2300 c.
512 2264 553 2299 ro.
568 2246 656 2310 Quem
674 2263 758 2317 quum
800 2244 893 2299 fluo.
908 2276 949 2289 —
959 2243 1054 2298 Floras.
1068 2245 1156 2307 Rosa,
1168 2252 1274 2313 myrto,
1286 2256 1317 2296 et

245 2336 270 2376 et
279 2324 505 2379 tribunumsuisre
515 2326 601 2397 plebis
609 2338 634 2379 et
646 2324 758 2397 dignum
800 2324 859 2378 aliis
878 2342 960 2377 omne
985 2342 1069 2394 genus
1091 2321 1202 2376 floribus
1222 2334 1316 2377 ornata

244 2404 431 2457 Alriesnoruru
446 2405 560 2471 seruilia,
571 2406 671 2459 Plinius
678 2404 761 2473 dicit,
801 2416 978 2476 coronataque
990 2403 1130 2475 sepulchra
1140 2403 1206 2455 olim
1219 2401 1316 2469 luisse,

246 2482 334 2535 servili
346 2484 449 2555 origine
463 2484 544 2539 fnisse
554 2503 614 2538 eum
625 2525 632 2551 ,
647 2484 694 2539 sed
705 2504 759 2540 rua·
802 2502 818 2537 e
831 2484 922 2537 multis
931 2484 1092 2555 scriptorum
1104 2482 1169 2551 locis
1179 2481 1318 2552 cognosci·

246 2564 394 2617 numiaaum
409 2565 443 2617 ab
457 2566 546 2636 aliquo
558 2566 761 2637 eScipionibus,
802 2583 875 2617 nsua.
884 2567 1023 2617 Anacreon
1032 2562 1084 2617 oda
1095 2562 1123 2615 in
1133 2563 1229 2615 llosarn
1240 2558 1316 2617 :Tele

247 2656 442 2714 proptereaque
458 2644 611 2716 Scipionem
623 2645 762 2717 cognomi·
802 2647 846 2697 ael
862 2650 970 2697 νωώσιν
987 2643 1070 2713 ripaei,
1085 2638 1151 2696 ler
1170 2640 1213 2694 καὶ
1225 2646 1316 2713 saepae

247 2734 356 2787 natum,
371 2724 480 2795 oblique
495 2724 635 2797 significat.
649 2725 684 2779 tt.
806 2726 900 2792 ἀμύναι.
914 2722 1059 2794 Sophocles
1076 2722 1105 2775 ira
1126 2722 1316 2775 Electrazllrl

292 2820 317 2855 a.
332 2806 477 2874 Asresergo
490 2808 591 2857 contulit
600 2805 715 2875 populus,
731 2824 762 2857 ac
803 2800 838 2863 δὴ
857 2806 922 2874 λέγω
942 2822 981 2855 σοι
1000 2805 1051 2855 πᾶν
1070 2802 1124 2855 ὅσον
1145 2794 1317 2871 arnaldistas,

243 2884 320 2949 sunus
330 2882 438 2937 abrasit.
448 2884 604 2939 Factitatnm
614 2884 643 2939 id
654 2898 680 2939 et
687 2886 763 2949 alias,
803 2872 866 2939 linei
879 2884 927 2954 γὰρ
942 2879 1008 2937 ἦλθον
1020 2884 1112 2952 πατρὸς
1123 2884 1222 2953 ἀρχαῖον
1230 2882 1318 2953 τάφον,

249 2974 278 3014 ut
294 2961 321 3013 in
336 2963 430 3018 sunere
441 2966 543 3018 Valerii
563 2967 707 3021 Publicola
719 2985 762 3019 re-
803 2954 860 3033 bea
872 2964 978 3024 κολώνης
993 2962 1252 3032 ὶξῶιριςνινρῥύτνυς
1265 2966 1319 3018 ns·

249 3060 311 3111 gum
328 3043 472 3097 exactoris:
487 3045 761 3119 Mmeuiidgrippar,
803 3044 851 3114 γᾶς
867 3043 1008 3113 γάλακτος,
1023 3043 1065 3097 ml
1083 3044 1217 3112 πιριστιφῆ
1237 3043 1317 3111 sorte

249 3120 435 3192 quipopulum
445 3139 605 3179 cumaeoatu
615 3126 762 3198 ingratiam
806 3125 911 3179 Πάντων
933 3123 972 3175 lr'
993 3122 1062 3177 ieris
1078 3123 1167 3175 avum
1181 3122 1254 3181 liam
1268 3140 1318 3173 M·

250 3198 413 3255 adduxerat:
424 3203 459 3268 Q.
471 3222 579 3277 quoque
590 3207 664 3259 Fabii
677 3207 763 3261 Maxi-
805 3208 869 3276 πρός.
881 3206 957 3258 Serta
971 3202 1031 3260 illa,
1045 3214 1076 3255 ut
1086 3198 1177 3255 videre
1187 3204 1260 3255 ertio
1270 3218 1318 3253 ur·

251 3279 341 3345 mi,nt
353 3281 414 3335 vat.
430 3282 500 3337 Max.
515 3284 645 3354 prodidit,
659 3287 708 3341 lib.
719 3288 762 3355 V,
806 3286 847 3339 oie
861 3300 892 3337 ac
911 3280 1062 3354 sepulchris
1081 3280 1217 3351 antiquis,
1233 3280 1319 3337 taeniis

250 3377 308 3431 cap.
325 3378 352 3412 a.
372 3360 419 3414 His
443 3380 494 3417 are
514 3365 612 3419 collato
659 3367 762 3439 popolo
805 3363 877 3417 lanei
896 3363 1008 3426 coloris,
1027 3359 1056 3414 id
1074 3373 1128 3428 eet,
1143 3379 1192 3413 suo
1212 3374 1317 3416 tanturn

249 3456 318 3491 rom.
328 3441 398 3511 jueta
408 3456 470 3496 sunt
479 3457 595 3515 peracta.
612 3446 672 3501 Huc
681 3450 762 3517 perti.
805 3458 832 3498 et
839 3445 930 3497 natiso
938 3443 1028 3497 colore
1036 3440 1319 3510 tinctia‚implicaban·

250 3531 296 3571 net
312 3531 387 3573 vetus
399 3520 536 3595 inscriptio
555 3524 629 3595 apud
649 3527 760 3583 Gruter.
804 3539 849 3580 tur
859 3538 887 3579 et
894 3524 1080 3578 nectebantur.
1088 3520 1262 3591 Hagimdih.
1272 3520 1318 3587 11,

249 3616 310 3670 pag.
331 3604 387 3661 488
403 3617 411 3653 :
426 3620 458 3656 rr.
476 3622 591 3659 rrrrcro.
605 3624 630 3659 r.
643 3626 668 3661 r.
685 3627 758 3663 rorr.
802 3624 862 3678 cap.
878 3624 922 3676 ¹7·
936 3607 1004 3657 Dar.

249 3696 377 3734 aronrrrr.
404 3698 563 3739 rrvrrcrrss.
593 3705 644 3740 ενι.
678 3706 759 3743 asar.
846 3687 923 3739 VIII.
951 3704 976 3738 r.
1003 3682 1041 3735 Et
1063 3681 1118 3749 jam
1142 3691 1199 3734 tiore
1224 3698 1320 3733 eom

248 3776 384 3813 cornero.
398 3777 529 3817 rrsrrrrs.
553 3784 643 3820 narra.
660 3786 703 3821 rr.
723 3770 759 3823 ll.
804 3768 911 3819 Deorum
924 3765 998 3815 lenos
1013 3756 1096 3824 erant,
1112 3771 1162 3812 etc.
1175 3762 1261 3814 Vetus
1277 3761 1320 3811 in·

291 3836 318 3889 3.
335 3839 420 3892 Flam
433 3858 582 3913 epmrpecru
590 3851 655 3899 omar·
662 3852 760 3917 sparsit.
803 3846 931 3917 scriptitat
938 3858 1074 3897 maoraa.
1087 3856 1240 3894 currum.
1249 3856 1319 3893 roa·

249 3918 419 3989 Epergulia,
433 3940 448 3973 e
461 3922 597 3990 fenestris,
616 3926 688 3979 unde
701 3948 762 3997 pro·
804 3944 904 3979 rsrar.
927 3937 1126 3977 amnicum.
1151 3936 1318 3973 nrnrcaraa.

249 4010 352 4069 spectus
386 3999 413 4051 in
448 4002 546 4056 virum.
575 4004 662 4076 Supra
690 4006 761 4060 libro
804 4008 833 4059 in
859 4006 997 4058 Thesauro
1024 3997 1140 4063 colisti,
1164 4017 1226 4072 pag.
1251 4017 1317 4068 ²7²·

251 4078 335 4145 XIX,
358 4098 417 4151 cap.
442 4100 494 4151 19:
510 4082 613 4155 Proesrgi
624 4100 762 4157 prospectus
806 4086 896 4139 Ham).
