2925 5009
460 488 616 557 rinna
642 488 809 557 xxvii.
1105 486 1176 587 809

92 613 230 683 Eadem
259 616 463 715 inspergitur
495 610 751 692 exhulceratis²³
783 620 981 715 genitalibus
1008 624 1213 711 virorum‚t

93 720 362 814 condylomatis,
378 729 537 824 rimisque
550 727 636 798 sedis
654 726 735 797 alias
746 752 787 797 ex
800 729 897 816 vino,
910 728 989 799 alias
1007 754 1049 799 ex
1063 754 1176 825 passo,

92 824 181 896 alias
220 829 306 899 sicca
335 856 396 926 per
423 860 476 923 se,
514 849 553 903 ut
585 834 688 928 exigit
723 833 906 928 mitiganda
939 838 1091 925 curatio,
1119 852 1179 907 aut

93 934 298 1004 coercenda.
313 940 605 1011 Haemorrboidum
619 933 643 975 ²⁴
663 964 798 1034 quoque
809 940 1045 1011 abundantiam
1061 942 1179 1013 leniter

93 1039 197 1109 sistit.
213 1043 418 1135 Dysenteriae
433 1047 628 1117 infunditur.
646 1048 731 1115 Etsi
747 1045 914 1117 difficilius
924 1063 1179 1143 concoquantur

92 1146 185 1235 cibi,
203 1146 328 1218 bibitur
345 1176 473 1223 acoena
489 1153 622 1223 modico
639 1150 834 1244 interval103
850 1168 886 1223 et
901 1156 937 1222 in
950 1156 1043 1250 regio
1054 1154 1176 1225 morbo

91 1252 208 1322 tribus
226 1252 334 1325 obolis
356 1282 396 1327 ex
414 1260 509 1355 aqua.
533 1246 782 1331 Devorantur²⁵
798 1273 833 1327 et
853 1258 964 1354 pilulae
983 1284 1061 1331 cum
1079 1260 1177 1332 melle

92 1357 260 1446 decocto,
282 1377 340 1431 aut
355 1366 465 1435 resina
484 1366 728 1448 terebinthina,
751 1364 794 1433 ad
814 1366 988 1461 purganda
1008 1368 1177 1437 interiora.

92 1466 294 1561 Digitorum
305 1473 455 1566 pterygia
468 1470 562 1544 tollit.
575 1469 761 1543 Oculorum
773 1471 1025 1542 medicamentis
1036 1471 1177 1563 lavatur,

91 1584 135 1640 ut
151 1571 244 1667 quod
262 1574 304 1643 sit
322 1579 591 1649 arenosissimum
611 1576 771 1647 subsidat.
786 1579 853 1647 Aut
867 1592 1013 1648 torretur
1027 1580 1178 1668 intesta,

91 1700 277 1774 pennaque
298 1682 437 1752 subinde
459 1698 623 1769 vereatur,
641 1698 680 1753 ut
693 1684 798 1778 possit
814 1682 985 1778 aqualiter
999 1688 1127 1755 torreri.

90 1950 166 1985 acor.
180 1932 234 1984 loc.
250 1932 296 1983 cit.
312 1944 339 1984 et
355 1932 447 1985 Galen.
463 1930 497 1985 de
511 1932 613 1987 Facult.
660 1933 819 1995 rationibus,
834 1944 863 1985 ut
879 1932 1025 1987 inhumane
1039 1931 1174 1990 sicutti-

90 2009 339 2081 simpl.rued.V1,
355 2030 382 2081 p.
401 2012 466 2067 153.
479 2014 571 2067 Hirro.
658 2030 709 2065 uun
721 2012 884 2077 Cominius,
899 2012 1011 2065 illustria
1026 2011 1127 2086 alioqui
1144 2016 1173 2069 in

139 2091 187 2143 ²3.
203 2092 299 2145 Eadem
312 2094 458 2163 inspergitur
473 2093 614 2146 erbulcorn·
656 2090 754 2145 litteris
767 2094 810 2145 vir
824 2104 851 2144 et
863 2092 954 2163 magni
972 2092 1108 2155 numicio,
1125 2098 1172 2166 qui

93 2176 135 2223 ris.
149 2172 273 2223 Dioscor.
289 2172 340 2224 loc.
352 2172 398 2223 cit.
409 2174 491 2226 Marc
508 2172 611 2245 Empir.
631 2168 635 2175 ’
657 2188 700 2225 eae
716 2172 842 2244 suggillat
856 2184 991 2243 tamquam
1006 2190 1103 2243 parum
1123 2192 1171 2245 nef

92 2268 159 2322 cap.
171 2268 283 2316 mni,
297 2270 326 2322 p.
342 2250 405 2304 230.
419 2252 511 2307 tiano.
656 2251 780 2305 ceruariae
819 2264 846 2305 et
883 2251 1013 2304 levissima
1057 2270 1171 2324 qunque

140 2330 419 2393 austremonium.
427 2333 549 2384 Dioscor.
559 2330 611 2387 loc.
655 2343 846 2385 consectantes.
866 2330 934 2383 Nam
962 2331 1050 2384 sintne
1077 2333 1169 2403 anlee

92 2412 144 2463 cit.
158 2428 215 2462 non
225 2410 297 2463 istud
310 2409 407 2475 ruodo,
420 2412 466 2479 sed
478 2424 505 2464 et
516 2422 611 2465 caetere
655 2410 801 2465 Coruariue
810 2408 951 2482 predicat,
962 2429 996 2463 an
1004 2410 1168 2483 longeeecur

92 2489 293 2543 medicamenta
313 2488 424 2543 totidem
441 2490 530 2554 verbis
546 2489 611 2544 dett.
654 2502 735 2562 etque
746 2492 781 2544 ab
795 2510 828 2543 eo
844 2489 952 2555 dicitur,
970 2490 1125 2545 neucesarie
1141 2506 1167 2547 et

92 2571 146 2623 nit.
163 2570 256 2623 lirun.
653 2588 745 2623 rerum
756 2570 1165 2643 magnimomenti‚uemopot-
1210 2561 1217 2575 ’

140 2650 187 2703 2⁵.
202 2650 356 2705 Deromrrtur
366 2650 452 2719 pilulae
467 2669 518 2701 cum
532 2650 609 2702 mellis
653 2663 692 2702 est
706 2651 789 2721 magle
801 2648 915 2702 idoneus
929 2650 1003 2702 testis
1015 2668 1071 2702 eree
1083 2668 1164 2721 quem

92 2730 196 2781 decocto
211 2720 269 2799 (ric
278 2732 353 2801 prius
363 2720 383 2796 l.
399 2728 472 2794 Quid
483 2730 515 2781 sit
525 2751 535 2772 ι
545 2731 609 2782 mel·
653 2728 705 2781 fuit
720 2730 778 2800 ipre
794 2730 947 2782 Cornuriue.
961 2730 1015 2795 Qui
1029 2748 1112 2800 quum
1131 2732 1166 2785 eit

91 2810 127 2861 lie
152 2807 308 2874 decoctum,
333 2836 343 2855 ι
372 2827 426 2860 non
454 2809 575 2880 percipio
599 2828 606 2861 :
652 2806 1164 2878 tantueviracplaneomnileudeme·

92 2906 180 2961 quare
205 2890 332 2943 libentior
351 2888 478 2958 legerim,
502 2916 512 2937 u
529 2889 608 2941 melle
650 2888 703 2957 jor,
715 2900 814 2941 cuncta
825 2888 880 2940 fere
893 2906 953 2959 que
964 2888 991 2939 iu
1004 2889 1093 2958 priore
1106 2892 1163 2960 ejus

93 2968 209 3022 decocto
220 2996 232 3015 ι
245 2986 323 3041 quam
338 2990 348 3011 ι
361 2968 447 3020 mellis
459 2966 581 3033 decocto,
593 2995 603 3014 ι
651 2967 827 3039 Montemque
842 2965 958 3020 editione
970 2966 1100 3022 Orosciur
1115 2988 1164 3023 un·

92 3046 425 3111 auctoriburDioscoride‚
435 3046 504 3100 libro
518 3049 607 3111 tertio,
650 3048 842 3112 notaverat,in
850 3048 998 3117 posteriore
1010 3046 1045 3099 ud
1054 3048 1162 3103 illarum

93 3142 121 3183 et
138 3128 292 3199 Serapione.
309 3128 408 3181 Pavent
429 3139 455 3180 et
473 3128 606 3200 exempla·
649 3127 1164 3199 praescriptuml'ormulamvereearcirit

92 3209 134 3261 ria
161 3208 320 3261 Toletanum
345 3220 372 3259 et
400 3207 608 3277 Caesaraugusta·
649 3218 729 3278 atque
743 3205 900 3260 emendarit.
914 3206 998 3273 Quod
1014 3219 1102 3261 tamen
1115 3228 1164 3263 ne·

92 3308 172 3342 num.
197 3289 333 3340 Proximus
351 3304 406 3339 xxv
423 3288 607 3341 annotationes
651 3287 717 3338 ruini
727 3287 826 3340 mirum
833 3286 1081 3340 rideridebettnec
1091 3290 1163 3343 enirn

93 3368 123 3421 in
135 3366 239 3422 medica
253 3366 332 3420 Plinii
343 3366 427 3419 nostri
441 3367 552 3419 materia
566 3384 607 3419 ac·
650 3366 756 3432 omnia,
771 3378 802 3419 ut
812 3384 932 3419 commun
943 3368 1024 3420 Poeta
1035 3367 1089 3431 ait,
1100 3388 1163 3441 poc-

92 3462 186 3519 ceptar
197 3448 276 3511 refer,
287 3446 403 3499 humane
416 3448 516 3511 lector,
527 3446 607 3500 Chri·
652 3456 716 3497 sunt
730 3464 838 3511 omnen,
854 3458 881 3499 et
895 3445 1017 3518 quiedam
1027 3447 1090 3500 alere
1099 3460 1164 3502 cunt

92 3529 225 3600 stophoro
245 3527 356 3581 Oroecio
376 3527 503 3595 preclaro
518 3526 607 3597 pbilo-
650 3544 706 3577 nou
724 3525 813 3578 minue
829 3544 909 3598 quam
919 3524 1103 3591 doctrin1e‚ut
1115 3546 1164 3581 ne·

93 3609 184 3680 eopb'o
198 3624 230 3661 ao
243 3604 348 3660 medico
364 3625 371 3656 ε
385 3606 432 3677 qui
448 3606 518 3659 utin
532 3606 607 3659 omni
651 3622 723 3658 cesae
741 3606 792 3670 eit,
815 3607 863 3677 qui
884 3605 957 3659 felici
978 3606 1068 3677 aliqua
1094 3620 1165 3662 rorte

93 3705 192 3760 genere
232 3684 435 3757 disciplinarum
473 3704 607 3750 summus,
651 3684 1166 3758 antiquioraetemendetioranactureit

93 3781 246 3839 preterque
260 3784 345 3837 grece
365 3765 443 3817 etiam
460 3764 608 3819 eruditisei·
652 3764 826 3836 exemplaria,
845 3766 923 3837 plura
941 3777 1050 3837 prestet
1068 3779 1095 3818 et
1108 3784 1166 3820 cer·

94 3866 170 3911 mus,
191 3845 318 3916 adjuvare
337 3861 394 3897 non
415 3847 503 3899 minua
523 3844 608 3899 studia
652 3845 720 3897 tiora
731 3882 740 3907 ,
753 3863 834 3916 quam
848 3844 895 3917 qui
913 3846 941 3899 in
955 3864 1080 3911 corrosa,
1091 3846 1167 3900 bian-

93 3940 185 3981 nostra
198 3925 299 3989 voluit,
312 3942 392 3997 quarn
401 3922 435 3977 de
445 3924 498 3978 soie
507 3926 610 3997 aliquot
654 3925 703 3990 tiu,
714 3944 745 3977 ac
756 3925 877 3977 mutilata
888 3922 1002 3990 incidit,
1014 3926 1168 3995 cujusmodi

95 4018 157 4060 ante
175 4024 259 4059 aunon
277 4022 356 4077 quem
375 4004 479 4076 optime
496 4004 613 4069 mereri,'
654 4006 709 4058 lere
719 4022 776 4057 esee
789 4006 874 4060 colent
887 4023 947 4077 que
957 4016 998 4057 tot
1009 4006 1168 4061 seculorum
1226 4011 1230 4017 '

95 4084 250 4155 componitis
273 4086 302 4137 iu
328 4085 438 4137 Paulum
460 4096 486 4136 et
501 4085 610 4137 Aetium
655 4082 779 4139 edacitati
794 4096 885 4156 erepte
901 4084 934 4139 ud
950 4096 1170 4157 temporumque

96 4166 209 4221 eximior
222 4163 339 4218 medicor
355 4160 513 4219 doctissimis
527 4184 612 4218 auno·
656 4176 747 4219 nurtra
758 4162 964 4220 dercenderunt.
975 4165 1169 4219 erun-cum

174 4266 257 4330 VII.
357 4256 361 4263 ’
978 4258 1022 4331 52
