2925 5009
351 436 423 507 noli
541 513 545 527 ¹
625 438 663 506 C.
690 438 857 507 PLttttt
882 440 989 507 NAT.
1014 440 1145 508 HIST.

348 584 384 641 et
399 568 479 639 alia⁹
494 568 571 639 liuic
593 570 705 640 similis
725 570 807 639 llore
824 570 938 657 rubro,
956 572 1078 660 minor,
1094 587 1129 640 et
1146 572 1220 666 ipsa
1231 569 1275 638 ad
1287 570 1416 641 eosder

351 702 447 764 naus,
461 676 694 771 traduntque¹⁰
711 677 986 749 commanducata
1006 704 1062 763 ea,
1082 681 1111 747 si
1133 680 1321 773 inspoamr,
1343 702 1416 747 mo

351 798 549 880 serpentem.

317 931 328 965 ι
404 893 531 959 XXVI.
550 890 721 959 Anthemio
730 889 887 986 ''magnis
896 889 1048 960 laudibus
1058 890 1249 961 celebratur
1259 890 1303 959 ab
1312 888 1416 959 Ascle

352 996 456 1091 piade.
480 994 590 1090 Aliqui
609 994 874 1067 leucanthemida
887 1012 1031 1081 vocant,
1051 996 1106 1067 alii
1129 997 1416 1069 leucanthemum

349 1102 406 1171 elii
417 1103 652 1192 eranthemon,
671 1108 830 1197 quonium
845 1129 922 1174 vere
938 1106 1075 1174 floreat:
1094 1105 1149 1172 alii
1163 1102 1416 1174 chamaemelon

351 1212 508 1305 quoniam
532 1208 668 1279 odorem
694 1210 774 1280 mali
802 1211 933 1280 habeat
964 1209 1143 1281 Nonnulli²
1172 1210 1416 1280 melanthemu

352 1331 483 1385 vocant.
509 1317 642 1385 Genera
663 1316 735 1410 ejus
755 1320 819 1386 tria
839 1317 922 1387 ilore
944 1332 1073 1387 tantum
1093 1303 1249 1404 distant³,
1276 1316 1416 1412 palmur

352 1446 421 1493 non
438 1420 643 1505 excedentia,
659 1425 836 1519 parvisque
847 1419 1007 1512 floribus,
1020 1438 1059 1493 ut
1074 1438 1156 1495 rute
1166 1424 1363 1511 ‚candidis,
1377 1446 1416 1490 au

352 1529 500 1611 melinis,
515 1544 572 1599 aut
588 1532 774 1624 purpureis.
795 1534 834 1599 ln
854 1554 967 1600 macro
988 1530 1080 1615 solo,
1103 1546 1163 1600 aut
1177 1532 1273 1624 juxta
1293 1530 1416 1599 semita

353 1634 520 1730 colligitur
547 1623 655 1718 rere⁴,
685 1651 718 1705 et
743 1637 777 1705 in
797 1624 1054 1707 coronamenta⁵
1089 1639 1273 1731 reponitur.
1299 1635 1416 1705 Eoden

354 1758 504 1837 tempore
521 1758 555 1811 et
577 1743 694 1811 medici
718 1742 795 1813 folia
820 1758 892 1812 tusa
918 1746 952 1811 in
971 1742 1118 1838 pastillos
1143 1743 1329 1838 digerunt:
1351 1746 1416 1810 iten

317 1894 333 1925 a
354 1849 470 1919 llorem
493 1864 525 1917 et
549 1848 702 1919 radicem.
728 1852 863 1919 Dantur
880 1852 993 1919 omnia
1018 1853 1121 1919 mixta
1139 1850 1310 1919 drachmae
1331 1849 1415 1916 unio

351 1955 516 2049 pondere,
532 1969 649 2025 contra
666 1958 873 2051 serpentium
887 1958 1038 2025 omnium
1050 1958 1147 2025 ictus.
1160 1955 1258 2025 Pellit
1274 1970 1416 2025 mortue

351 2076 489 2157 pertus:
513 2064 592 2131 item
610 2076 781 2131 menstrua
802 2064 837 2131 in
856 2078 939 2158 potu
949 2048 974 2151 ⁶,
987 2078 1021 2131 et
1037 2064 1187 2151 urinam,
1202 2060 1415 2154 calculosque

391 2340 421 2391 p.
432 2322 481 2375 Est
491 2333 515 2373 et
524 2320 585 2385 alia,
593 2332 645 2373 ete.
657 2319 698 2371 De
707 2338 760 2391 qua
773 2320 864 2373 Dicae.
910 2319 1027 2384 dieitur,
1052 2321 1143 2373 notior
1164 2338 1245 2393 quarn
1274 2334 1307 2375 ut
1333 2319 1415 2375 debeat

353 2402 403 2467 IV,
418 2402 465 2455 25.
476 2400 592 2455 Nomine
606 2401 674 2453 hanc
683 2416 774 2452 carere
785 2399 866 2453 Gale·
909 2401 969 2455 aliis
982 2399 1091 2472 depingi
1103 2400 1185 2454 notia.
1199 2399 1293 2454 Haeo.

353 2500 403 2535 nus
417 2481 468 2546 ait,
486 2480 505 2533 l.
523 2494 547 2534 c'.
564 2480 598 2531 H.
615 2508 653 2520 -
676 2478 866 2549 Lithospennnni
954 2499 980 2532 a.
1005 2481 1125 2533 Nonnulli
1150 2480 1334 2534 muntem
1355 2478 1416 2538 vet,

346 2562 493 2628 fruticosum
518 2550 662 2629 (Pentnnd.
685 2578 782 2629 monog.
805 2578 866 2629 gen.
910 2573 942 2613 nt
959 2558 1037 2612 MSS.
1052 2561 1206 2614 melanthion.
1221 2563 1315 2614 niun.

355 2642 409 2695 351
429 2640 502 2693 Pera.
518 2640 625 2707 Bomag.
642 2630 743 2705 luae.);
762 2640 825 2691 heli.
837 2639 866 2691 in
952 2640 980 2693 3.
999 2638 1097 2693 Genera
1116 2643 1168 2711 ejus
1189 2646 1238 2695 tria
1247 2643 1319 2713 βαι
1334 2651 1416 2692 tan-

353 2722 462 2791 Eoropa
477 2720 594 2773 australi.
612 2718 665 2771 En.
910 2719 1011 2772 distant.
1034 2720 1154 2774 Dioscor.
1176 2720 1230 2775 loc.
1257 2720 1305 2775 eit.
1330 2716 1416 2773 Metti

397 2818 437 2853 ιο.
455 2800 621 2870 deuntqoe.
635 2796 693 2851 Hoc
712 2795 865 2852 Dioscortd.
911 2799 955 2869 pir
970 2800 1127 2871 weltona,
1143 2801 1202 2858 elada
1216 2798 1247 2853 dl
1262 2802 1348 2865 autu
1357 2797 1416 2867 mei·

354 2878 388 2933 de
406 2880 475 2932 loliia
496 2878 602 2932 alteriue
626 2878 764 2941 anchusa,
783 2886 812 2931 et
832 2874 867 2930 de
910 2898 1004 2932 κνινται
1021 2887 1170 2951 κυκλοτερεῖς
1188 2879 1277 2943 λευκὰ,
1293 2880 1416 2952 affines,

347 2959 449 3013 semine
462 2958 546 3011 territe
563 2954 652 3011 tradit.
665 2958 716 3013 En.
910 2960 1061 3030 iineppupi,
1073 2972 1125 3012 etc.
1145 2961 1252 3024 Quibus
1267 2962 1413 3031 intelligun-

389 3034 865 3092 xxv1.‘1.Anctamis.T0tnomtni-
909 3050 956 3091 tur
973 3038 1132 3091 Anthemidea
1149 3041 1232 3105 Coto,
1249 3054 1279 3093 et
1297 3053 1413 3097 nanum

348 3120 414 3183 boa,
435 3131 501 3191 quot
518 3117 563 3170 hic
576 3130 815 3189 representantur,
831 3115 866 3169 ab
910 3132 938 3171 et
958 3118 1172 3191 Chrysantlenmni
1186 3115 1360 3191 nompele'me.
1378 3114 1412 3169 Cl-

351 3196 478 3252 Oribaeio
491 3196 650 3268 appelletur,
663 3196 680 3250 l.
698 3198 751 3264 XI,
761 3197 781 3251 f.
803 3214 866 3265 190,
911 3216 1002 3271 cuper.
1018 3198 1065 3252 lib.
1081 3219 1142 3270 cap.
1152 3201 1201 3262 dd.
1213 3202 1265 3253 En.

354 3290 415 3349 poet
435 3276 583 3331 Dioscorid.
602 3278 779 3349 troaditrpar,
797 3278 817 3329 οἱ
837 3272 867 3329 δὲ
953 3285 979 3341 4.
1007 3279 1141 3349 Colligitur
1169 3299 1236 3333 vere.
1257 3281 1348 3335 Diosc-
1370 3278 1412 3329 tor.

350 3359 498 3430 dpalrlepai,
513 3352 559 3409 did
571 3358 600 3408 τὸ
619 3359 696 3410 ἀνθεῖν
716 3356 760 3411 ort
777 3358 865 3428 lupae.
911 3358 956 3411 cit.
968 3359 1049 3430 Apul.
1068 3378 1127 3431 cup.
1142 3378 1237 3414 xxm:
1260 3361 1346 3432 *lagi
1363 3372 1409 3408 ew

357 3440 378 3491 cl
397 3433 426 3490 dl
440 3436 609 3508 χαμαίμηλνν,
632 3431 676 3489 did
700 3437 746 3495 τὴν
759 3440 819 3507 πρὸς
833 3436 868 3488 τὰ
912 3456 1002 3493 mense
1016 3438 1104 3510 aprili.
1122 3466 1133 3488 ι
1150 3438 1245 3496 Hean.

352 3518 571 3589 :nnntpatrnva
584 3522 615 3586 τῇ
629 3517 711 3587 ὀσμῇ,
732 3518 755 3570 al
779 3511 809 3569 dl
824 3536 868 3587 pa·
956 3518 981 3571 5.
1010 3520 1048 3571 Et
1063 3523 1089 3570 in
1108 3532 1286 3574 coronamenta.
1304 3519 1361 3572 Non
1381 3511 1409 3565 tl

355 3602 490 3669 λάνθιμον,
515 3598 535 3650 οἱ
553 3592 583 3649 dl
607 3598 772 3667 χρυσοκόμην,
795 3598 816 3650 el
838 3591 868 3648 dl
913 3599 1004 3650 luxum
1018 3598 1116 3665 modo,
1137 3599 1279 3655 sedetiam
1299 3599 1330 3653 ad
1344 3611 1407 3650 netu

354 3682 457 3731 νιαλλίαν
481 3681 591 3730 καλοῦσι.
606 3675 701 3729 Galen.
721 3677 749 3728 in
770 3676 868 3747 explic.
913 3677 1073 3732 medicine:
1096 3679 1131 3732 ad
1148 3678 1336 3751 depellendum
1352 3673 1407 3729 soli·

356 3776 416 3811 νοο.
429 3756 510 3829 Eipp.
525 3770 590 3809 tom.
605 3754 646 3822 tt,
657 3774 684 3826 p.
700 3773 737 3825 90
748 3756 869 3809 :Etenn-
912 3770 955 3810 cet
969 3760 1064 3831 capitia
1083 3757 1217 3821 dolorem,
1235 3761 1276 3814 uti
1289 3752 1405 3813 aneti·

354 3856 414 3909 ptr,
438 3836 497 3907 ὅπερ
517 3834 558 3889 καὶ
575 3834 673 3906 ἄνθνμις
694 3838 808 3905 λέγεται,
825 3836 868 3889 καὶ
911 3855 979 3907 gene
1004 3852 1031 3893 et
1053 3839 1157 3893 Galeno
1186 3839 1329 3901 discimus,
1351 3832 1405 3889 azel

353 3919 526 3987 χαμαίμνιλον.
539 3914 671 3968 Omnibus
680 3915 813 3979 officinis,
828 3916 868 3968 in·
912 3920 1012 3984 τόπονς,
1024 3919 1061 3982 ll,
1079 3940 1105 3984 a,
1116 3938 1143 3991 p.
1163 3919 1230 3976 381.
1251 3920 1336 3973 Haan.

356 3998 491 4066 terpoleto
505 4007 639 4065 postremo
656 3996 707 4047 hoc
718 4014 806 4069 greco
819 4015 869 4047 no·
955 4003 981 4051 6.
1001 4000 1062 4051 Item
1073 4014 1194 4053 menstrua
1207 4004 1232 4053 ia
1246 4014 1314 4073 pern.
1330 3998 1403 4049 nior.

355 4076 446 4143 utino,
467 4090 492 4129 et
509 4076 588 4145 vulgo
602 4092 709 4146 quoque
725 4075 868 4129 Canenilla
912 4077 964 4133 loc.
978 4080 1022 4132 cit.
1035 4078 1124 4133 Haeo.
