2925 5009
324 408 398 481 316
584 414 626 481 C·
656 411 828 483 PLINII
857 410 966 495 NAT.
997 412 1130 480 HIST.

322 568 400 611 cum
420 544 492 637 puri
509 542 611 615 coldae
633 568 798 613 mensura.
821 545 979 613 Privatim
996 542 1120 611 dicitnr
1139 566 1290 637 purgare
1310 568 1410 639 prae-

322 650 446 719 cordia.
456 698 459 705 ·
469 649 608 719 Prodest
625 664 660 719 ct
679 649 896 719 articulorum
915 647 1060 735 morbis,
1076 648 1209 718 duritiis
1222 650 1409 738 omnibus,

322 754 447 839 vulvis,
474 756 633 841 nuribus,
662 755 831 826 ambustis.
858 758 946 825 Cum
973 756 1084 825 cinere
1103 779 1186 823 vero
1207 758 1408 843 muricum,

322 860 408 929 sedis
428 862 759 949 inflammationibus,
782 864 860 931 item
882 886 999 957 psorae.
1022 858 1179 930 Colorem
1194 864 1285 930 cutis
1305 887 1408 931 com-

322 965 475 1053 mendat,
486 966 724 1062 capillumque²
741 968 839 1037 fertili
855 982 973 1035 nutura
989 980 1116 1035 evocat
1132 968 1256 1035 Semen
1271 992 1315 1036 ex
1329 992 1406 1063 quo

323 1070 378 1157 fit,
395 1071 487 1141 nulla
506 1075 657 1143 animans
679 1074 823 1167 attingit.
845 1058 1040 1166 Ellychnia³
1057 1096 1098 1140 en
1117 1093 1183 1139 uvu
1201 1072 1307 1159 fiunt,
1333 1072 1407 1141 clu·

321 1178 428 1247 ritatis
454 1181 653 1273 praecipuae:
686 1205 728 1249 er
748 1178 823 1248 oleo
844 1176 957 1247 lumen
979 1178 1159 1247 obscurum
1180 1192 1327 1273 propter
1355 1181 1407 1248 ni·

321 1284 421 1351 minin
437 1284 712 1379 pinguitudinem.
727 1284 819 1354 Folia
836 1285 904 1377 igni
921 1308 1016 1354 sacro
1032 1282 1206 1351 illinuntur
1220 1308 1264 1351 ex
1278 1298 1403 1354 noeto:

320 1413 381 1483 per
394 1413 430 1459 se
439 1406 551 1461 autern
564 1392 710 1461 recentia
718 1391 872 1460 mammis
881 1404 915 1459 ct
923 1389 1103 1485 epiphoris.
1114 1390 1242 1459 Eadem
1255 1390 1403 1461 decocta

320 1584 399 1641 cnioo
408 1586 492 1639 herbe
502 1605 583 1659 quem
596 1587 766 1643 Dioscorides
784 1588 830 1643 lib.
876 1588 964 1649 betur,
975 1606 1063 1660 neque
1078 1588 1238 1643 Hermolaus
1256 1603 1304 1645 sut
1318 1591 1401 1644 Bud-

320 1664 372 1727 1v,
392 1678 419 1717 et
439 1665 642 1738 Theophrnstus
659 1669 713 1733 VI,
731 1687 835 1722 momo-
876 1668 929 1721 lius
961 1666 1128 1721 Dioscoridis
1154 1668 1319 1740 interpreter
1348 1668 1402 1723 tale

319 1755 388 1796 rsnt.
407 1745 448 1797 De
458 1746 565 1799 cnicino
575 1765 639 1800 vero
652 1748 713 1800 oleo
724 1749 835 1801 Diosco-
877 1747 1016 1819 quippiam
1030 1748 1058 1797 in
1072 1748 1126 1799 suis
1140 1748 1333 1817 tralationibus
1351 1768 1401 1821 po·

320 1821 392 1877 rides
413 1824 459 1877 lib.
482 1827 511 1889 l,
533 1826 620 1897 cspite
643 1828 771 1897 peculiari
796 1828 834 1881 sic
876 1840 996 1881 suerunt.
1015 1825 1084 1879 Nutu
1097 1826 1145 1879 lili.
1159 1828 1190 1893 1,
1208 1828 1311 1881 multus
1329 1828 1400 1881 etin

320 1900 443 1956 disserit:
458 1931 469 1952 ·
485 1905 634 1959 Conficitur
651 1919 678 1959 et
697 1906 833 1961 oniciuum
877 1904 1262 1959 remediouususDioscurides
1272 1906 1400 1975 resignat.

320 1982 412 2035 oleum
422 1983 552 2037 similiter.
565 1984 615 2037 Vis
622 1986 661 2038 illi
671 1984 764 2039 erdem
775 2003 834 2057 qun
877 1984 942 2038 utin
949 1997 1076 2056 promptu
1086 1997 1125 2038 est
1133 1986 1221 2055 legere
1229 1984 1398 2039 volentibus.

320 2079 441 2132 exgruno
448 2062 549 2117 Gnidio
560 2065 682 2119 conlecto
694 2066 754 2118 oleo
764 2078 810 2119 cst.
818 2090 830 2113 ι
876 2064 957 2117 Ptrr.
971 2094 1012 2107 -
1023 2064 1119 2117 Oleum.
1132 2063 1315 2118 Commendat
1328 2062 1397 2119 illud

320 2140 388 2206 Qum
411 2144 493 2197 verbu
520 2144 589 2197 mire
612 2144 745 2215 qurdrsnt
772 2164 834 2198 cum
876 2142 1000 2214 inprimis
1008 2141 1185 2207 Dioscorides,
1198 2140 1397 2210 I,38,sdlrul·

319 2220 373 2273 illis
391 2221 472 2274 Plinii
492 2223 595 2288 nuliis,
618 2241 678 2295 qum
697 2224 834 2297 sliqusnto
877 2240 937 2276 cerr
962 2222 1071 2293 cepitis,
1095 2219 1129 2275 sd
1151 2240 1261 2291 psoras,
1281 2235 1307 2275 et
1326 2222 1397 2277 sudis

319 2312 547 2371 postsequuntur
568 2302 621 2355 hoc
643 2304 701 2374 ipsc
721 2304 832 2375 cupite:
877 2300 1099 2356 inflammationes
1118 2318 1126 2353 :
1144 2300 1178 2353 ad
1205 2300 1347 2373 pellendss
1364 2321 1396 2356 ex

324 2379 388 2433 «Ex
412 2379 514 2433 Gnidio
538 2398 621 2452 grano
642 2382 741 2437 fectum
763 2401 835 2436 esm-
877 2382 938 2435 slvo
956 2399 1051 2452 eques,
1066 2380 1395 2451 lumbricosqne-:sdsu-

255 2505 262 2519 ,
320 2456 382 2512 dem
397 2460 453 2513 vim
472 2460 830 2530 hsbetqnsmcniciuum.·
876 2461 949 2515 rium
960 2459 1083 2523 dolores.
1096 2472 1147 2513 etc.
1159 2460 1316 2514 Piuu’snum
1328 2460 1396 2514 uiltd

320 2538 364 2613 Sic
378 2540 450 2591 euim
468 2538 627 2611 legendum,
646 2561 703 2595 non
722 2546 839 2595 cicinum.
878 2540 1260 2611 moror,quicontrsomuium
1268 2540 1396 2611 exemplu·

320 2618 468 2673 Confirmat
482 2621 563 2673 etium
578 2622 771 2675 correctionem
785 2640 835 2674 uo·
877 2620 947 2672 rium
959 2616 1052 2683 iidem,
1064 2622 1180 2670 micinam
1192 2619 1244 2672 hoc
1254 2620 1330 2683 loco,
1340 2638 1393 2673 uus

320 2710 416 2763 suun,
429 2697 504 2769 quod
516 2700 685 2755 Dioscorides
699 2700 778 2755 tundi
793 2719 834 2754 se·
877 2702 987 2763 cicinum,
995 2699 1073 2769 legin
1082 2698 1185 2752 Galeno
1193 2716 1393 2769 quoque,quem

320 2796 383 2830 men
402 2778 472 2831 cnici
495 2776 589 2842 trudit,
605 2778 716 2852 durique
730 2798 837 2852 expres·
878 2797 933 2831 non
944 2779 1021 2849 legit,
1035 2776 1180 2830 admodum
1192 2778 1216 2830 ei
1230 2780 1391 2841 reluctante,

320 2875 379 2911 sum
393 2876 425 2911 ex
442 2876 475 2911 eo
496 2876 604 2911 succum
619 2858 653 2912 ud
668 2858 836 2931 purgandam
879 2860 958 2930 cujus
975 2858 1054 2909 verbs
1070 2858 1217 2910 referemus
1229 2875 1288 2929 unp
1301 2858 1349 2921 45.
1359 2858 1391 2910 ll.

321 2936 409 2989 slvuru
418 2937 447 2989 in
455 2956 522 3004 equa
530 2937 619 3000 dulci:
632 2958 692 3011 quse
699 2936 837 2993 hiclerme
879 2968 919 2981 —
931 2934 1138 2989 Oleum'cicieum.
1149 2936 1255 3006 Nempe
1266 2956 1299 2989 ex
1309 2939 1393 2991 uictu

320 3016 402 3069 verbe
417 3016 522 3069 Plinius
533 3019 645 3089 repetit,
658 3038 753 3089 msgnu
765 3020 833 3071 ller-
879 3019 998 3070 communi
1020 3008 1137 3081 (Monoec.
1159 3016 1311 3087 murudelplt.
1334 3034 1391 3088 gen.

321 3096 402 3149 molei
422 3096 644 3156 hallucinatione.
666 3098 713 3169 qui
734 3100 836 3151 cicinum
882 3094 1391 3168 stltPem.Erpdcrbinc.Jusr.),quem

320 3175 366 3228 tic
379 3194 431 3246 pro
438 3181 556 3229 cucurum
567 3178 697 3249 sgnoscit.
708 3178 742 3229 ln
754 3196 836 3250 quem
880 3174 969 3231 Greci
987 3176 1113 3245 κρότωνα,
1128 3175 1248 3245 AEgypdi
1265 3194 1330 3229 vero
1347 3178 1391 3229 rin

320 3273 439 3308 errorem
467 3255 562 3309 incidit
588 3257 668 3311 etism
694 3256 837 3311 Marcellus
880 3254 1024 3326 rppellnnt.
1042 3254 1087 3309 cf.
1096 3254 1193 3309 Gelen.
1204 3266 1232 3308 et
1241 3254 1333 3309 Diosc.
1345 3255 1390 3318 IV,

321 3334 487 3390 Dioscuridis
505 3335 637 3407 interpres
650 3336 698 3390 lib.
713 3338 764 3402 IV,
778 3355 836 3408 erp.
884 3339 950 3399 164.
963 3336 1016 3387 En.

321 3412 357 3467 de
369 3414 455 3468 ricino
465 3415 571 3468 frutice.
582 3416 665 3489 Cujus
677 3417 770 3474 frisam
782 3428 836 3470 tm·
921 3436 947 3467 s.
964 3412 1131 3486 Capillusrpue
1141 3414 1225 3481 fertili
1236 3427 1324 3466 sutum
1343 3432 1391 3466 m·

320 3492 469 3562 ditionem,
483 3514 519 3548 ne
536 3494 623 3551 dicam
640 3498 835 3558 temeritatem,
881 3505 929 3547 cat.
950 3494 985 3547 Et
1005 3494 1058 3546 hoc
1076 3494 1162 3565 iprum
1176 3492 1268 3565 prodit
1285 3492 1319 3547 de
1336 3493 1389 3545 oleo

320 3592 376 3645 qno
389 3574 480 3629 minus
495 3574 622 3645 profitear
634 3594 678 3629 tue
694 3574 838 3641 demirari,
882 3574 968 3628 cicino
994 3573 1113 3627 Marcell.
1140 3574 1245 3645 Empir.
1273 3590 1330 3645 esp.
1350 3588 1388 3633 rr,

322 3665 472 3723 temperare
486 3655 552 3708 milri
564 3674 618 3708 non
634 3674 758 3726 possumr
772 3656 837 3709 rcri-
880 3672 910 3726 p.
928 3659 972 3723 47.
989 3655 1081 3707 lirun.

321 3733 443 3786 bitenim
457 3736 510 3787 lroc
519 3735 577 3806 ipro
589 3735 676 3806 cupite
686 3734 721 3789 de
733 3735 835 3800 ricino,
923 3734 949 3788 3.
965 3732 1106 3804 Ellyclmiu.
1114 3731 1178 3785 Fert
1188 3733 1259 3785 euim
1273 3730 1386 3785 arbores

326 3813 439 3866 -oteum
450 3814 567 3867 cicinum
577 3814 835 3879 ·seu·ricinum,in
878 3830 968 3868 semen
989 3829 1102 3865 uvarum
1122 3810 1260 3883 gracilium
1283 3808 1387 3883 pallide·

321 3892 399 3945 nullo
409 3893 664 3949 unitatisusuesse.
678 3892 784 3960 »Quod
792 3912 836 3947 ne·
880 3909 1014 3964 rumque,
1033 3904 1063 3944 ut
1082 3889 1185 3946 dictum
1207 3904 1247 3945 est
1264 3891 1311 3943 lib.
1328 3890 1383 3949 XV,

323 3990 375 4039 que
391 3972 420 4024 in
438 3972 539 4027 Grecis
552 3973 669 4028 duarum
683 3973 837 4045 impressio·
880 3992 904 4028 c.
917 3992 944 4036 7.
956 3972 1022 4025 Vid.
1037 3971 1106 4025 inire
1118 3970 1166 4025 lib.
1179 3970 1293 4037 xxxV,
1306 3990 1327 4024 c.
1339 3969 1383 4027 ⁵⁰5

323 4068 388 4104 num
401 4050 567 4108 Dioscuridis
581 4053 777 4126 exemplaribus
791 4054 838 4109 lis·
884 4052 918 4107 de
932 4052 1068 4124 sulphure.
1083 4052 1116 4104 ll.
1133 4062 1159 4104 et
1172 4050 1223 4103 En.
