2925 5009
330 438 397 511 nn
600 442 640 510 c.
666 438 832 509 noran
857 440 964 511 nir.
991 442 1122 546 mou

296 620 307 650 ι
380 576 494 645 XXII.
518 572 675 644 Resinam
693 600 712 644 c
731 598 832 670 supra
851 574 947 645 dictis
968 576 1143 647 arboribus
1161 578 1245 675 gigni
1267 580 1378 651 docui·

330 680 434 767 mus¹,
451 696 486 752 et
503 705 624 776 genera
640 682 726 775 ejus,
740 695 773 751 et
784 683 936 751 nationes
946 684 980 752 in
990 685 1117 753 ratione
1129 686 1211 769 vini,
1224 708 1261 755 ac
1275 703 1384 782 postes

331 793 365 858 in
379 788 562 858 arboribus.
575 790 722 859 Summe
736 790 860 884 species
873 789 947 861 dua
961 808 969 851 τ
986 790 1092 877 sicca,
1108 805 1146 860 et
1156 790 1285 886 liquida.
1300 795 1387 863 Sicca

333 896 450 990 epiuu
475 909 509 963 et
535 892 650 989 picea²
671 894 740 964 fit:
762 894 887 989 liquida
906 921 924 965 e
943 896 1154 981 terebintho,
1183 896 1298 984 larice,
1332 898 1389 967 leo

332 1003 435 1085 tisco,
456 1026 622 1096 cupresso.
657 1001 745 1069 Nam
777 1016 811 1070 et
836 1026 883 1071 eae
913 988 1042 1077 feruut³
1070 1004 1105 1071 in
1131 1006 1210 1073 Asia
1232 1020 1266 1073 et
1295 1006 1388 1099 Syris.

332 1108 505 1177 Falluutur
523 1109 579 1202 qui
592 1106 744 1177 eamdem
762 1121 882 1201 putant
901 1132 991 1195 esse,
1009 1134 1028 1178 e
1046 1108 1140 1205 pioea
1157 1096 1270 1205 atque⁴
1288 1111 1389 1181 larice.

333 1216 430 1285 Picea
451 1216 540 1283 enirn
562 1214 738 1309 pinguem,
761 1228 795 1283 et
817 1215 923 1285 thuris
944 1214 1047 1285 modo
1073 1240 1243 1287 succesum
1268 1218 1388 1288 fundit:

332 1320 416 1389 larix
442 1320 618 1416 gracilem,
645 1343 685 1389 ac
718 1320 827 1390 mellei
855 1308 1032 1416 liquoria⁵,
1061 1324 1153 1393 virus
1186 1323 1390 1393 redolentem.

333 1428 457 1498 Medici
489 1426 613 1521 liquida
641 1451 718 1497 raro
750 1440 907 1513 utuntur,
932 1442 966 1497 et
990 1430 1025 1497 in
1044 1453 1112 1498 ovo
1136 1430 1206 1501 fere
1233 1454 1241 1499 τ
1265 1430 1389 1501 clerice

334 1548 472 1630 propter
488 1535 604 1603 tussim
624 1532 827 1628 bulceraque
850 1536 1012 1605 viscerum
1033 1562 1041 1603 :
1061 1560 1124 1606 nec
1146 1539 1245 1632 pinea
1271 1560 1391 1632 magun

332 1666 412 1737 pere
432 1644 464 1709 in
484 1666 570 1709 usu:
591 1642 717 1709 caeteris
731 1665 799 1709 non
821 1642 885 1709 nisi
898 1643 1010 1711 coctis.
1034 1644 1079 1714 Et
1098 1643 1264 1737 coquendi
1283 1666 1390 1739 genera

264 1750 272 1761 '
299 1750 411 1829 ‚satis
437 1731 780 1816 de1n0nstravimus⁶.'
796 1749 835 1815 lo
867 1748 1022 1816 arborum
1057 1747 1267 1817 differentia⁷
1297 1749 1390 1844 placet

333 1854 575 1940 terebinthina,
596 1852 826 1931 odoratissima
859 1868 958 1948 atque
994 1851 1188 1924 levissima:
1212 1858 1389 1939 nationum,

334 1963 457 2057 Cypria
478 1976 512 2030 et
526 1962 680 2054 Syriaca:
695 1974 835 2054 utraque
854 1959 959 2029 mellis
982 1962 1083 2030 Attici
1107 1961 1221 2032 colore
1239 1990 1247 2031 :
1267 1961 1321 2031 sed
1338 1964 1390 2054 ey-

334 2070 406 2162 pria
420 2069 602 2154 carnosior,
620 2067 813 2160 sicciorque.
831 2068 870 2135 ln
888 2068 976 2135 sicco
1014 2084 1296 2163 cuerequaeruut,
1311 2082 1344 2136 ut
1357 2067 1390 2134 sit

334 2174 494 2259 candida,
513 2198 611 2268 pura,
639 2171 818 2269 perlucido.
839 2174 880 2242 In
898 2174 989 2242 omni
1033 2189 1166 2257 nutem,
1190 2190 1230 2244 ut
1250 2190 1388 2245 moutarn

334 2284 446 2375 potius
469 2304 570 2375 quam
596 2282 815 2374 campestris:
833 2278 932 2349 item⁹
963 2276 1129 2374 aquilonia
1158 2284 1285 2376 potius,
1306 2302 1388 2375 quem

375 2440 465 2492 XXII.
499 2458 523 2492 s.
549 2438 670 2490 Resinam.
696 2437 775 2491 cont.
799 2436 847 2490 lib.
893 2441 991 2506 mustis,
1006 2434 1039 2489 de
1058 2454 1111 2509 qua
1129 2437 1184 2492 vid.
1202 2440 1387 2499 Touunsosr,

335 2520 484 2591 le,cap.
498 2518 741 2584 2531ib.xvt.c.
758 2520 803 2583 16,
822 2528 848 2569 et
896 2517 995 2591 Voyag.
1009 2530 1029 2571 t.
1043 2518 1086 2584 Π,
1102 2534 1164 2590 pag.
1178 2522 1230 2589 69.
1242 2521 1320 2573 liuor.

335 2601 484 2653 Excursum
493 2598 534 2650 Vl
545 2597 579 2651 sle
591 2598 687 2651 Resiua
701 2595 736 2650 sd
749 2596 849 2649 calcem
935 2596 960 2650 3.
972 2599 1020 2651 Eas
1027 2596 1122 2663 fimat.
1130 2599 1272 2653 Lentiscus
1286 2596 1389 2651 videlicet

335 2680 393 2751 buj.
405 2678 516 2733 lib.Eu.
893 2690 921 2730 et
938 2695 1096 2747 cupressus:
1117 2677 1163 2730 ills
1180 2677 1212 2731 in
1233 2680 1315 2733 meula
1331 2674 1388 2730 Asi·

379 2780 405 2811 a.
420 2759 492 2813 Sicca
501 2780 514 2809 e
523 2761 585 2828 pius
597 2770 622 2808 st
630 2759 709 2826 picea.
722 2755 767 2809 Sic
776 2766 847 2808 auct.
894 2756 976 2819 Chio,
988 2756 1033 2809 ists
1045 2756 1073 2809 iu
1084 2756 1170 2828 Syris.
1179 2758 1262 2811 Lurix
1273 2759 1338 2811 enim
1348 2756 1389 2808 Its·

335 2838 399 2891 libri
415 2838 448 2891 de
463 2838 557 2909 Simpl.
572 2835 606 2890 nd
622 2836 726 2889 Pstcru.
741 2848 761 2888 t.
780 2835 850 2887 XIII
894 2836 970 2889 lieet
978 2836 1071 2890 Gallie
1079 2837 1225 2907 peculiaris
1233 2839 1316 2893 arbos·
1323 2836 1388 2890 II·-

335 2919 409 2990 Opp.
432 2919 544 2981 Galeui,
566 2936 594 2987 p.
617 2918 673 2985 998
694 2934 703 2971 ι
724 2941 736 2963 ι
753 2915 848 2968 Resins
895 2916 987 2969 Eteoe.
1001 2916 1087 2970 Grou.
1101 2928 1128 2969 et
1143 2917 1190 2971 Al.
1206 2940 1252 2971 ιω.
1270 2919 1317 2972 tto.

337 3000 422 3062 sicca,
437 2999 537 3069 iuquit,
561 2997 699 3049 invenitur
714 2996 784 3049 circs
797 3014 849 3047 nu·
936 3003 962 3060 4.
985 2996 1011 3049 E
1021 3000 1177 3068 messapus
1187 2997 1272 3051 larice.
1285 2998 1337 3051 Hoc
1349 3004 1389 3053 est·

336 3079 481 3151 clipiunm,
504 3089 531 3130 et
556 3076 635 3149 pityu
663 3073 742 3147 (que
760 3075 849 3128 'l'beo-
894 3088 924 3130 nt
938 3094 1000 3130 cum
1015 3076 1206 3145 Theophrasto
1221 3074 1388 3150 loquantum

336 3159 445 3229 pbrssto
458 3161 528 3229 picea
544 3169 601 3218 est,
620 3168 650 3208 ut
663 3151 849 3219 monuimus):
894 3162 938 3217 τῆς
953 3158 1039 3217 πίτυος
1060 3156 1103 3209 sui
1123 3158 1150 3209 is
1171 3162 1220 3219 τῆς
1239 3158 1331 3216 asime-
1344 3152 1370 3204 II

337 3239 387 3291 alia
407 3237 508 3310 liquida
524 3238 594 3291 circs
611 3235 808 3295 terebinthum,
825 3246 850 3287 et
937 3236 962 3289 5.
983 3237 1024 3288 Ae
1039 3237 1116 3289 mellei
1133 3236 1245 3308 [thuoris.
1265 3237 1328 3289 Pliu.
1340 3230 1386 3283 Vll·

337 3337 440 3388 peuceu
452 3314 521 3390 (que
534 3334 641 3388 semper
655 3335 671 3368 a
687 3315 775 3367 Plinio
786 3315 851 3365 luris
895 3318 980 3381 xvl,
998 3332 1042 3383 19,
1054 3314 1090 3369 de
1104 3316 1187 3369 larice
1203 3336 1211 3369 r
1233 3346 1244 3367 ι
1258 3312 1386 3370 Plusculum

336 3388 515 3470 appellatur),
526 3410 553 3453 et
565 3414 740 3465 cupressum,
754 3406 780 3447 et
792 3412 851 3466 quas
893 3396 959 3451 huic
973 3396 1090 3466 erumpit
1106 3395 1237 3468 liquoris,
1251 3395 1338 3449 melleo
1352 3408 1386 3443 so·

336 3480 407 3534 circs
416 3479 570 3541 lentiscum,
582 3493 664 3547 quam
673 3475 756 3547 aliqui
765 3475 853 3528 musti·
894 3476 965 3541 lore,
975 3487 1055 3547 utque
1067 3475 1202 3547 lentiore,
1215 3492 1339 3547 uunquam
1349 3468 1385 3522 dn·

338 3560 445 3613 chinum
458 3577 514 3611 esse
526 3556 635 3621 dicunt,
648 3556 676 3608 iu
692 3556 762 3609 Chio
779 3554 851 3607 insu·
895 3554 1032 3609 resoentis.
1048 3580 1060 3601 ι
1077 3556 1169 3609 lisso.

340 3640 379 3703 la,
393 3650 444 3691 etc.
458 3667 471 3687 ι
493 3638 597 3709 Negant
610 3648 699 3689 umen
713 3635 756 3689 alii
770 3634 851 3706 liqui·
937 3638 964 3688 6.
990 3634 1222 3689 Demonstravimus.
1244 3634 1300 3689 Lib.
1323 3627 1385 3689 XVI·

337 3718 402 3773 darn
417 3719 551 3773 elentisco
568 3714 656 3770 iuudi.
673 3714 744 3768 Vide
760 3716 851 3767 Dalec.
896 3734 954 3787 esp.
975 3734 1018 3768 aa.
1031 3715 1123 3768 lisso.

342 3800 410 3852 llist.
427 3799 465 3869 pl.
477 3800 507 3864 I,
525 3818 576 3862 so,
590 3814 618 3868 p.
636 3800 682 3865 69.
699 3796 823 3847 Resinam
837 3814 853 3849 e
938 3814 965 3863 7.
982 3795 1013 3846 ln
1029 3794 1140 3847 arbor-uss
1153 3794 1302 3865 mysnensis.
1316 3786 1384 3843 Diox-

340 3880 435 3943 lurice,
453 3878 566 3949 luipone,
583 3895 691 3930 moure
707 3874 850 3946 liquidam,
896 3876 924 3939 I,
944 3894 991 3944 9².
1017 3874 1109 3929 Hsuu.

340 3959 436 4012 scribit
452 3970 478 4012 et
497 3958 629 4019 Dioscl,
650 3975 696 4024 ²9·
713 3956 853 4008 H.-Li-
939 3958 966 4009 8.
988 3956 1018 4007 In
1042 3958 1114 4007 omui.
1140 3953 1205 4007 blac
1231 3951 1306 4007 tradit
1324 3946 1384 4000 etism

342 4040 445 4111 quida...
465 4060 478 4090 e
500 4040 606 4092 {emisso
628 4036 651 4088 E
670 4036 781 4089 lentisco
799 4054 852 4087 uon
897 4034 1184 4106 Theophrnst.1X,s.
1202 4032 1290 4085 Iino.

262 4129 271 4163 ἱ
342 4119 504 4171 iluitresins
523 4115 641 4189 liquida,
665 4114 711 4170 sed
726 4116 809 4181 sices,
833 4115 854 4167 ie
939 4136 965 4183 9.
987 4114 1054 4167 Item.
1069 4112 1283 4185 Theophrasti.
1298 4105 1355 4161 r-fl·
