2925 5009
343 465 414 537 128
602 462 642 535 C.
670 462 844 536 rstttn
871 462 981 539 MT.
1009 470 1139 542 HIST.

337 594 552 669 monstranda
569 593 736 681 remedia,
750 621 894 692 quorum
909 598 1092 689 medicina,
1106 602 1244 698 majoris
1262 606 1339 678 mali
1354 634 1400 705 pe

302 703 477 790 ,ticulum
505 702 633 773 afferat
664 703 928 775 Commendatur
951 730 1034 803 ergo
1065 710 1100 777 in
1129 711 1212 781 cibis
1225 705 1254 748 ¹⁴
1273 718 1400 785 tertium

336 836 458 907 genus,
485 811 562 911 licet
588 809 785 907 preferatur
806 811 1013 884 hortensium
1035 817 1220 910 saporibus.
1251 822 1299 891 Et
1327 822 1400 891 nihil

335 944 406 989 esse
429 919 578 1015 corporis
603 915 788 1005 malorum,
814 921 869 988 cui
890 945 959 989 non
977 919 1121 992 salutare
1147 926 1191 993 sit
1211 928 1399 1020 strychnos,

334 1028 540 1096 Xenocrates
551 1024 721 1121 praedicat.
731 1024 809 1093 Non
823 1040 934 1097 tamen
948 1027 1067 1097 auxilia
1078 1055 1194 1099 eorum
1213 1036 1300 1103 tanti
1316 1050 1400 1123 sunt,

334 1148 372 1202 ut
386 1131 438 1203 vel
453 1133 629 1229 profutura
642 1129 684 1199 de
697 1131 735 1199 iis
743 1156 1007 1204 commemorare
1020 1134 1069 1204 fas
1081 1152 1208 1231 putem,
1223 1144 1399 1234 presertim

333 1254 425 1308 tanta
441 1241 538 1335 copia
551 1238 759 1308 innoxiorum
773 1238 1040 1310 medicaminum.
1055 1242 1251 1314 Halicacnbi
1263 1247 1398 1317 radicem

333 1344 472 1432 bibunt,
498 1346 554 1441 qui
577 1358 655 1415 sunt
675 1346 878 1415 vaticinandi
895 1346 1051 1419 callentes
1059 1340 1097 1437 ²⁵,
1117 1351 1209 1445 quod
1235 1351 1346 1423 furere
1361 1354 1398 1423 ad

299 1504 316 1554 6
335 1452 579 1523 confirmandas
594 1452 844 1545 superstitiones
860 1456 963 1549 aspici
980 1480 1016 1523 se
1032 1454 1161 1525 volunt.
1174 1460 1340 1529 Remedio
1354 1474 1399 1530 est

333 1550 390 1642 (id
418 1561 505 1627 enim
525 1557 679 1627 libentius
701 1552 893 1647 retulerim)
915 1584 1001 1655 aqua
1020 1564 1155 1657 copiosa
1173 1564 1284 1635 mulsa
1302 1564 1398 1636 calida

334 1667 427 1759 potui
447 1666 533 1735 data.
551 1664 623 1734 Nec
641 1662 723 1747 illud
740 1666 937 1759 praeteribo,
959 1668 1112 1763 aspidum
1130 1685 1262 1741 naturae
1286 1671 1398 1742 halica-

334 1772 454 1843 cabum
466 1775 499 1841 in
512 1785 640 1842 tantum
656 1769 848 1856 adversam,
859 1787 898 1843 ut
913 1774 1025 1844 radice
1039 1776 1110 1870 ejus
1125 1780 1266 1872 propius
1275 1779 1399 1848 admota

334 1894 509 1975 soporetur
529 1875 584 1946 illa
607 1902 726 1971 sopore
754 1902 897 1948 enecans
924 1883 976 1950 vis
996 1906 1120 1951 earum.
1150 1886 1246 1979 Ergo
1263 1888 1343 1955 trita
1361 1910 1397 1955 ex

334 1983 408 2055 oleo
427 1985 592 2081 percussis
613 1982 799 2053 auxiliatur.

387 2094 479 2163 CVl.
494 2084 639 2180 (xxxii.)
653 2088 884 2161 Corchurum¹
902 2089 1115 2164 Alexandrini
1132 2097 1197 2165 cibi
1212 2098 1319 2192 herba
1335 2112 1394 2181 est,

332 2197 517 2270 convolutis
537 2196 621 2265 foliis
634 2195 675 2264 ad
691 2196 937 2267 similitudinem
955 2202 1059 2284 mori,
1080 2204 1293 2316 praepordiis,
1310 2218 1346 2273 ut
1359 2203 1397 2271 se

332 2320 427 2387 runt,
456 2303 566 2389 utilis,
596 2301 841 2398 alopeciisque,
873 2318 908 2373 et
936 2302 1094 2400 lentigini.
1126 2311 1236 2381 Bousn
1268 2333 1392 2405 quoque

330 2520 412 2593 primi
422 2518 562 2591 prodimus
572 2536 605 2571 ex
617 2518 694 2571 Voss.
709 2530 736 2571 et
742 2517 846 2573 Aoede·
886 2520 989 2573 sinebat
996 2520 1030 2574 sd
1040 2520 1237 2578 confirmandas
1247 2524 1393 2597 religiones,

330 2600 410 2655 mico.
431 2600 559 2652 Hortensii
581 2598 707 2668 saporibus
732 2599 846 2651 fecimus
885 2598 1003 2653 redicem
1016 2602 1392 2663 lsslicscsbisolebantbibern

331 2700 363 2736 ex
373 2696 449 2733 more
466 2678 565 2731 Plinii:
582 2676 656 2748 quod
670 2678 693 2729 si
706 2678 843 2732 meminis·
885 2692 917 2733 ut
936 2682 1039 2740 isram
1052 2680 1117 2734 iude
1130 2685 1308 2755 conciperent
1319 2696 1393 2737 etan·

330 2770 370 2815 set
379 2760 534 2822 Pintisnus,
544 2770 715 2828 temperasset
733 2775 765 2810 ex
778 2777 844 2830 spo·
885 2758 958 2812 mine
971 2760 1069 2831 repleri
1084 2760 1254 2820 riderentur.
1273 2764 1391 2818 Gattsmn

329 2840 431 2913 grspho
446 2856 496 2891 suc
512 2836 621 2890 lsudsre
635 2839 790 2891 hortensium.
804 2840 843 2891 Il·
886 2838 921 2892 de
944 2839 1028 2894 Gellis
1051 2840 1146 2894 Matris
1161 2841 1242 2896 Ideo
1273 2843 1315 2897 vel
1337 2844 1392 2895 oss

329 2919 386 2984 lud,
405 2919 465 2972 seni
477 2936 531 2971 nun
540 2918 653 2971 sslutsre
668 2918 839 2989 strychnos‚·
885 2919 970 2992 Syrie
984 2918 1185 2989 sacerdotibus,
1200 2936 1231 2975 ut
1245 2922 1390 2977 Bacelssstu

329 3002 352 3055 si
366 2999 426 3073 quis
436 2997 617 3063 teneremslit,
628 2996 690 3069 quis
708 3007 736 3048 et
748 2996 842 3051 chiffl.
885 2996 921 3053 de
935 3000 1056 3054 Bacchis.
1072 3001 1160 3053 Sissr.

329 3094 357 3136 et
365 3082 443 3132 Voss.
459 3076 603 3142 sffirmsnt,
617 3078 700 3130 instsr
711 3075 842 3141 illins,de
924 3080 1000 3133 CVI.
1018 3098 1044 3133 s.
1067 3080 1223 3135 Corcbornm
1239 3082 1389 3137 Corclsoron

329 3158 483 3233 quostiam
506 3174 597 3228 snprs,
625 3182 636 3204 s
652 3157 742 3209 Triste
761 3156 842 3227 lupus
882 3158 1021 3231 appellent
1044 3160 1180 3226 Crateras,
1196 3162 1387 3234 't'nsophnsru

329 3238 465 3301 stabulis»
484 3238 568 3307 possis
578 3248 759 3289 temeres-et
772 3237 840 3290 nihil
882 3250 910 3291 et
943 3237 1088 3305 Nicander,
1116 3258 1195 3311 qnam
1226 3237 1387 3295 Dioscorides

329 3338 384 3375 esse
409 3316 530 3388 corporis
548 3316 693 3380 melorum,
717 3317 761 3369 cni
783 3334 839 3369 non
881 3318 1076 3389 snsgsllidem‚
1110 3320 1200 3391 inquit
1240 3319 1385 3394 Anguillsrs

327 3401 441 3454 salutare
450 3396 599 3468 strychnos,
606 3396 842 3467 Xenocratespru·
881 3411 951 3468 part.
963 3398 1000 3462 V,
1021 3419 1049 3470 p.
1072 3416 1119 3467 9²·
1134 3392 1275 3472 Αναγιλλὶς
1292 3397 1385 3472 pernim

328 3478 408 3535 dicet.
424 3502 435 3526 s
448 3477 539 3531 Grion.
881 3475 954 3549 npnd
965 3482 1084 3533 Dioscor.
1095 3480 1140 3545 ΙΙ,
1160 3499 1224 3550 ²⁰9·
1244 3481 1362 3553 Pingitur
1373 3494 1385 3528 s

371 3565 416 3623 ²4·
436 3554 622 3610 Commendetur
639 3574 698 3625 ergo
723 3558 749 3607 iss
769 3557 838 3610 cibis.
881 3556 1028 3624 Dodoneo,
1048 3574 1109 3630 psg.
1132 3566 1176 3613 3s.
1198 3561 1273 3614 Folia
1294 3554 1384 3615 essead

328 3639 450 3694 Gronov.
468 3650 494 3690 et
513 3635 556 3688 At.
579 3636 759 3687 commendator
774 3648 799 3687 et
812 3639 838 3687 iss
880 3636 1083 3693 similitudinem
1098 3640 1181 3693 ocisni
1195 3640 1291 3695 scribit
1307 3638 1385 3693 Theo·

326 3720 392 3773 sibu.
408 3720 460 3771 Eo.
880 3718 978 3785 phrnst.
1002 3718 1181 3784 tttnor.VI1,
1201 3740 1229 3791 7.
1253 3721 1300 3775 sed
1323 3715 1383 3771 mori

367 3798 414 3852 25.
426 3798 542 3869 (luissent
554 3796 707 3847 vaticinandi
723 3794 837 3847 callentes
881 3794 996 3861 dixeris,
1007 3817 1040 3851 an
1056 3799 1156 3862 ocimi,
1168 3818 1264 3871 parum
1275 3803 1381 3854 interest·

326 3868 441 3947 (chiro.
464 3871 614 3945 pruses).
635 3874 690 3939 Qut
711 3875 837 3928 vorsant
880 3875 970 3932 rasso.
988 3908 1028 3921 -
1043 3878 1128 3931 Nouo
1143 3892 1183 3931 «ss
1196 3880 1330 3933 comm
1342 3876 1382 3927 oo·

323 3958 408 4029 aspici
419 3957 508 4010 furere
519 3954 640 4025 gotham
649 3967 675 4006 et
685 3954 836 4019 vaticinari,
880 3960 1079 4023 cortucsucsore
1089 3959 1256 4031 Sprengelio,
1265 3962 1330 4014 Hist.
1338 3954 1380 4009 llei

233 4088 236 4093 .
323 4039 397 4108 qussi
417 4038 449 4090 sb
467 4034 576 4105 alicujus
592 4033 712 4086 numinis
722 4034 837 4105 inspire-
880 4038 986 4091 herbar.
1001 4050 1068 4091 tons.
1082 4040 1111 4100 Ι,
1133 4058 1194 4111 pop.
1210 4046 1258 4108 94.
1272 4042 1314 4097 Cf.
1328 4053 1378 4107 sup.

324 4118 397 4172 tione
411 4116 528 4172 immisso
540 4113 719 4185 lurore,quis
733 4112 762 4167 id
777 4132 837 4185 per·
880 4134 930 4188 cap
947 4117 992 4170 is.
1007 4118 1059 4171 En.
