2925 5009
269 399 341 496 ⁸7²
545 400 583 468 c
604 332 780 469 rnrnrr
803 393 911 468 nar.
937 400 1072 468 ursr.

270 531 316 601 do
334 557 343 600 ι
364 530 465 600 ramis
485 533 605 626 sparti,
627 532 742 602 binum
763 537 969 630 palmorum,
987 531 1092 626 nigris
1111 529 1340 626 geniculomm

267 638 375 708 ternis
390 637 600 730 quaternisve
613 637 771 710 articulis.
783 643 872 712 Huic
886 663 1020 733 quoque
1031 636 1199 731 spissandi
1211 652 1342 726 natura,

271 767 371 838 sapor
393 741 470 812 mali
496 746 640 812 cotonei.
659 747 869 842 Decoquitur
893 745 932 812 in'
948 767 1036 837 aqua
1057 742 1101 812 ad
1124 743 1258 830 tertias,
1288 758 1345 814 aut

269 848 353 919 aridi
367 847 473 918 farina
490 849 691 945 inspergitur
705 869 741 920 et
758 856 825 923 on's
846 849 1057 934 hulceribus,
1073 862 1109 917 et
1124 849 1252 918 attritis
1267 873 1342 943 par·

269 953 367 1024 tibus.
404 957 545 1048 Propter
570 957 778 1052 gingivarum
806 983 887 1028 vero
918 956 998 1024 vitia
1028 954 1343 1023 commanducatur.

269 1062 398 1131 Nomas
414 1061 514 1143 sistit,
532 1064 709 1156 omniaque
725 1089 800 1160 quae
818 1075 977 1158 serpunt,
992 1073 1052 1129 aut
1068 1059 1245 1128 difficilem
1261 1063 1345 1130 cica-

270 1169 388 1236 tricem
406 1166 542 1236 lmbent.
561 1169 719 1236 Privatim
737 1195 818 1240 vero
839 1181 934 1239 sanat
953 1191 980 1234 a
991 1167 1067 1234 nive
1087 1165 1177 1236 facta
1195 1163 1345 1236 hulcera.

272 1273 426 1342 Herbarii
445 1286 480 1340 et
500 1271 544 1340 ad
558 1275 698 1369 anginas
715 1290 860 1346 utuntur
885 1273 964 1342 illa.
980 1273 1066 1340 etin
1087 1273 1208 1366 capitis
1229 1271 1346 1342 dolore

270 1401 429 1448 coronam
455 1401 498 1448 ex
526 1401 567 1449 ea
596 1382 801 1474 imponunt:
823 1394 858 1450 et
878 1393 997 1448 contra
1018 1367 1232 1472 epiphoras²⁵
1257 1377 1345 1448 collo

268 1483 488 1554 circumdant
513 1486 563 1552 In
578 1489 726 1558 tertianis
746 1485 880 1581 quidam
908 1485 1041 1553 sinistra
1068 1507 1172 1552 manu
1193 1481 1344 1556 evulsam

269 1588 470 1685 adalligant.
494 1588 579 1659 adeo
599 1606 717 1661 contra
738 1593 902 1687 profluvia
920 1573 1123 1683 sanguinis²⁶
1124 1639 1135 1673 ,
1157 1613 1223 1658 nec
1241 1588 1343 1660 ullam

185 1763 188 1768 .
270 1698 376 1790 magis
393 1695 518 1764 aridam
536 1719 636 1789 quam
653 1697 857 1793 polygonum
875 1709 1018 1766 servant.

237 1831 250 1866 1
322 1804 433 1872 XCII.
460 1803 675 1872 Pancration¹
701 1803 803 1898 aliqui
824 1802 949 1873 scillam
975 1797 1147 1895 pusillnm²
1171 1799 1341 1896 appellare

206 1975 214 1988 ,
268 1906 415 1993 malunt,
427 1905 512 1976 loliis
527 1905 594 1976 albi
607 1907 665 1976 lilii
671 1907 1092 2004 ,longioribuscrassiorib
1158 1931 1216 1990 ue,
1232 1907 1342 1979 radice

268 2013 363 2082 bulbi
382 2014 510 2130 magni,
531 2011 643 2084 colore
663 2015 749 2084 rufo.
768 2013 892 2084 Alvum
911 2012 1012 2082 solvit
1033 2035 1170 2092 succo,
1194 2037 1275 2081 cunr
1294 2013 1343 2082 fa·

269 2120 341 2187 rina
358 2121 430 2187 ervi
448 2132 606 2212 sumpto:
627 2119 765 2190 hulcera
758 2133 915 2250 purgat.
938 2105 1157 2213 Hydropicis⁴
1177 2117 1343 2212 splenicis·

268 2249 333 2319 que
352 2249 430 2293 cum
448 2222 546 2293 melle
563 2224 671 2294 datur.
689 2211 770 2295 Alii⁵
794 2226 989 2320 decoquunt
1008 2247 1101 2310 eam,
1127 2223 1236 2294 donec
1251 2251 1339 2346 aqua

268 2329 374 2400 dulcis
396 2329 487 2399 fiat:
514 2355 619 2448 eaque
647 2331 755 2402 effusa
780 2331 927 2401 radicem
953 2344 1097 2401 terentes
1119 2329 1317 2424 digerunt
1307 2357 1342 2401 ιιι

268 2435 416 2532 pastillos
434 2434 503 2504 sole
520 2437 683 2506 siccatos.
705 2453 740 2506 et
760 2453 933 2540 postea
894 2451 1035 2506 utuntur
1059 2435 1101 2504 ad
1103 2438 1242 2564 capitis
1263 2436 1342 2506 hul·

267 2567 365 2631 cera,
380 2555 414 2609 et
433 2556 552 2612 caetera
572 2565 646 2636 qnae
664 2543 875 2640 repurganda
897 2521 983 2612 srint.
1007 2525 1116 2611 Item⁶
1140 2540 1183 2609 ad
1200 2545 1342 2631 tussim,

267 2663 428 2743 quantum
447 2647 552 2716 tribus
570 2647 682 2744 digitis
703 2647 1012 2746 apprehenderint
1002 2673 1037 2717 ιιι
1053 2647 1133 2715 vino
1148 2645 1289 2718 dantes:
1281 2665 1342 2720 ·et

267 2753 310 2823 ad
329 2752 441 2824 lateris
461 2752 614 2841 dolores,
634 2772 693 2826 aut
720 2754 1021 2850 peripneumonicis
1040 2750 1226 2849 ecligmate.
1246 2757 1341 2825 Dant

309 2925 356 2981 25.
373 2929 510 2980 Eteoclea
529 2927 663 2997 epiphorae.
679 2926 780 2981 Oculo·
822 2926 916 2982 Clusio
952 2925 1115 2979 delineatum
1127 2965 1136 2990 ,
1173 2923 1243 2979 Hist.
1277 2929 1339 2982 Rar.

266 3025 328 3062 rum
343 3005 474 3060 videlieet.
483 3005 555 3059 Vide
569 3006 652 3078 Apul.
665 3007 718 3060 loc.
733 3007 779 3060 cit.
822 3007 908 3078 plant.
929 3006 973 3072 11,
992 3025 1021 3077 p.
1036 3024 1102 3076 ¹7²·
1121 3006 1155 3058 In
1175 3005 1339 3076 Cephaleuia

266 3090 307 3143 rit.
323 3093 349 3150 4.
359 3086 450 3138 nrm.
821 3098 933 3138 vocatur
946 3111 957 3132 ι
970 3085 1081 3156 Cepolla
1096 3085 1209 3150 canina,
1224 3110 1236 3134 ι
1250 3087 1339 3158 inquit

308 3170 354 3220 26.
366 3166 439 3219 Adeo
450 3174 535 3216 coam
544 3166 665 3236 profluvia
677 3167 778 3234 sangui·
821 3163 993 3236 Angnilhrn,
1005 3165 1076 3219 Part.
1089 3165 1160 3228 vn,
1170 3182 1199 3234 p.
1213 3183 1276 3220 rso.
1285 3167 1318 3220 Η.

266 3253 312 3302 ate.
336 3243 491 3317 Legendum
515 3263 588 3306 reor,
608 3270 620 3292 ι
635 3257 666 3296 ut
683 3241 778 3298 dextra
865 3264 891 3298 ι.
911 3243 1012 3296 Scillam
1030 3244 1162 3316 pastilam,
1181 3256 1235 3297 etc.
1253 3245 1338 3316 Apud

266 3340 360 3382 eontra
369 3322 501 3395 profluvia
512 3323 654 3394 sanguinis
669 3347 682 3370 ι
697 3323 776 3376 Ριιιι.
822 3321 1019 3387 ῠίοιιοιίἁοιιι,
1033 3326 1054 3377 οἱ
1068 3319 1099 3376 dl
1117 3322 1160 3375 »ai
1176 3325 1222 3382 vis
1237 3327 1337 3382 exinea

306 3406 394 3458 XCII.
419 3422 445 3456 ι.
469 3402 627 3456 Pancratice.
653 3400 778 3456 Totidem
821 3401 975 3473 ὀνομάζουσι.
989 3401 1092 3456 Plinius
1105 3401 1168 3471 legit
1181 3403 1282 3460 σιῦλιιν
1296 3429 1337 3477 μ.

265 3485 355 3541 verbis
370 3482 467 3536 ‘Diose
490 3483 533 3546 11,
557 3483 609 3536 203
634 3481 778 3554 ιΠαγιιρά-
820 3480 1044 3552 ιιρὰνῦιῳιὶζοιισι.
1058 3483 1127 3535 Dar..

265 3585 331 3628 τιον,
341 3565 363 3616 οἱ
375 3558 405 3615 di
416 3565 458 3616 ael
470 3565 558 3627 τοῦτο,
575 3562 674 3615 σκίλλαν
687 3563 777 3631 ὄνομά·
862 3561 889 3614 3.
903 3561 993 3615 Aaou
1006 3563 1077 3614 solvit
1085 3579 1172 3626 nacco,
1182 3573 1234 3615 etc.
1245 3565 1335 3620 Dicae.

266 3647 346 3707 ζουσι,
360 3655 412 3696 ete.
425 3641 503 3713 Apul.
516 3659 540 3693 c.
552 3658 629 3694 narr:
645 3666 657 3689 ι
669 3639 778 3693 Aera·
820 3639 838 3690 I.
851 3657 874 3693 c.
886 3637 1050 3694 adverbum.
1062 3643 1155 3694 Ηιιιιι.

236 3775 241 3784 ,
266 3720 581 3780 cisdiciturscilla...aliis
590 3719 775 3790 pancration...
861 3725 888 3783 4.
899 3719 1055 3792 Hydmpicis.
1068 3717 1219 3774 Dioscorid.
1233 3727 1253 3780 l,
1267 3745 1292 3779 c.
1305 3737 1330 3778 er

266 3802 327 3857 Itali
347 3801 450 3870 ¹seillam
468 3801 593 3866 rubram,
615 3799 776 3862 masculam,
820 3799 900 3870 Apul.
914 3817 937 3852 e.
951 3819 1027 3868 κιιι,
1038 3801 1079 3856 tit.
1097 3825 1121 3859 1.
1134 3807 1227 3862 Hiran.

267 3881 313 3937 alii
325 3881 439 3934 bulbum
456 3879 591 3944 millium,
603 3878 658 3930 sive
673 3878 776 3932 scilliti·
863 3877 889 3932 5.
903 3879 965 3931 Alii.
977 3879 1127 3939 Dioscorid.
1140 3887 1185 3950 11,
1199 3905 1265 3940 soa.
1279 3884 1311 3937 II.

186 4019 189 4022 ,
266 3959 508 4031 cumappellant.·
522 3958 636 4011 Esthoc
648 3959 723 4012 scilla
733 3975 777 4010 ra·
861 3959 888 4010 6.
905 3958 966 4012 Item
981 3959 1125 4033 deusta,
1145 3979 1196 4020 etc.
1211 3964 1329 4018 Dioscor.

181 4041 196 4056 ”
264 4040 328 4095 dice
354 4039 454 4102 rubra,
482 4038 538 4092 sive
567 4037 733 4109 pancratium
762 4056 777 4090 a
821 4037 873 4090 loc.
887 4037 930 4091 cit.
944 4036 1036 4092 fluo.
