2925 5009
311 448 380 521 79⁰
661 422 937 491 Excunsus
961 424 1030 491 tv,

308 548 461 619 pituitosos,
474 562 523 597 acu
537 542 664 609 biliosus,
678 544 725 615 qui
740 543 845 596 circum
862 540 1009 614 prmomdia
1025 558 1060 594 ao
1073 540 1179 593 uiscera
1192 554 1387 595 maneant

309 647 335 687 rt
345 634 503 699 obhorrent,
519 630 624 695 mettin
636 630 684 684 sed
703 630 831 683 ellectum
848 630 923 700 quasi
935 630 1112 701 precipitatus
1123 640 1153 680 et
1163 629 1332 691 rodmar,
1343 648 1385 683 eus

306 724 444 777 dumtaxat
457 720 505 794 qui
519 733 612 773 trnner
628 730 690 771 sunt
707 732 736 771 et
749 717 865 771 fluxioni
882 718 954 790 apti,
967 718 1100 771 humores
1109 734 1205 768 recum
1218 718 1287 789 rapit
1296 714 1387 789 ‚idque

309 824 365 865 tum
376 830 408 865 ex
418 808 564 863 abdomine
574 820 604 861 ut
613 807 790 881 hydropicis.
800 818 857 860 tutu
870 826 886 860 e
895 806 971 860 renis
981 820 1009 860 et
1018 823 1129 859 sumum
1141 824 1275 879 uos-pm,
1285 826 1317 860 ac
1328 806 1388 859 iude

310 913 394 969 panca
408 892 527 948 succedit
539 892 655 945 emictin.
663 916 676 937 a

346 984 448 1035 Verum
458 981 595 1035 enimvero
605 998 690 1053 quum
700 980 791 1033 omnia
800 978 939 1051 purgantis
952 976 1152 1033 medimmeuta
1161 980 1275 1051 corpori
1286 978 1339 1031 aiat
1347 978 1385 1031 ia·

313 1072 403 1147 lenta,
414 1068 606 1123 scammoninm
626 1081 656 1121 ut
673 1067 742 1121 inter
755 1068 899 1121 valentiora
918 1080 956 1121 est
976 1068 1208 1129 valentissimum.
1221 1070 1261 1121 sic
1271 1069 1341 1121 inte
1351 1070 1387 1119 iu·

312 1160 383 1213 tem·
395 1168 434 1211 est
446 1156 656 1211 iniettistimum.
675 1155 772 1227 Reipsa
790 1153 887 1207 medici
905 1154 941 1208 de
957 1174 991 1208 eo
1004 1155 1089 1209 multa
1104 1167 1134 1209 et
1145 1158 1246 1227 geavia
1257 1156 1389 1229 pedonum

312 1246 498 1305 incommoda:
511 1264 543 1299 ex
560 1246 658 1317 quibus
670 1244 790 1317 quinque
802 1246 845 1299 rel
860 1264 907 1299 sex
918 1244 1086 1317 potissimum
1101 1245 1168 1297 vitia
1181 1245 1225 1298 im
1236 1246 1389 1319 expaolteu·

313 1349 370 1400 ιιιι,
382 1338 408 1389 1⁰
417 1332 501 1401 Quod
510 1332 545 1385 sit
556 1330 781 1385 medicamentum
794 1332 911 1385 maxime
921 1330 1058 1397 infidum,
1072 1343 1101 1384 et
1114 1334 1201 1405 cujus
1216 1333 1336 1403 opmtiu
1347 1331 1388 1383 ad·

313 1422 423 1477 modum
435 1422 535 1475 incerta
549 1432 604 1479 esti
620 1416 842 1490 quandoquidem
853 1420 888 1471 ab
900 1419 998 1490 exigua
1010 1418 1072 1472 dosi
1087 1419 1315 1491 hypercathamia
1326 1439 1388 1473 um·

314 1529 461 1585 numquam
473 1510 611 1569 excitatur,
624 1520 650 1559 et
661 1505 735 1561 dosia
743 1505 835 1559 debita
844 1526 877 1561 ac
889 1508 1018 1579 requisita
1029 1525 1102 1578 supe
1114 1506 1196 1561 inita
1209 1521 1251 1562 eat
1259 1508 1386 1562 acharis-

316 1606 343 1655 s⁰
355 1598 437 1668 Quod
453 1597 532 1651 ssatus
543 1594 673 1670 quosdam
687 1593 828 1647 mordaces
843 1596 935 1667 gignat
946 1594 1113 1667 usqueadeo
1123 1596 1301 1649 stomachum
1312 1598 1387 1649 lacut-

314 1701 417 1751 aeutes‚
435 1698 464 1739 ut
484 1684 652 1740 sumentibus
668 1700 794 1737 transeam
807 1693 983 1737 commovent.
1000 1684 1028 1736 3⁰
1043 1683 1129 1749 Quod
1151 1683 1309 1737 schemen
1321 1702 1386 1736 ame·

312 1778 375 1832 dine
390 1790 476 1848 partes
490 1774 652 1837 inflammet;
666 1792 721 1845 quo
733 1772 804 1827 litut
815 1772 888 1825 titim
898 1772 1091 1844 inexplebilem
1102 1774 1259 1839 accendat,
1270 1787 1297 1827 et
1308 1774 1386 1826 selues

315 1868 423 1925 excitet,
440 1864 472 1917 iis
486 1863 622 1937 perscipue
636 1862 683 1934 qui
698 1862 831 1915 viscerum
844 1860 1071 1916 obstructionibus
1084 1873 1111 1914 et
1125 1862 1293 1917 humor-iiras
1304 1877 1384 1933 pauc·

315 1954 450 2011 eccutibut
463 1952 571 2005 obnoxii
587 1964 657 2004 suut.
675 1958 705 2015 4⁰
724 1949 808 2015 Quod
818 1950 911 2004 eadem
923 1949 1110 2005 acredinem
1118 1951 1249 2005 recludat
1259 1972 1306 2007 ora
1317 1970 1385 2003 rrae·

316 2066 393 2109 rom,
415 2042 482 2096 adeo
503 2054 535 2095 ut
557 2053 704 2111 sequantur
722 2040 909 2094 mutuationes
928 2040 1036 2103 nimie,
1057 2040 1289 2113 hypercatltarses
1309 2040 1384 2093 diua.

316 2136 344 2189 ⁵·
356 2132 437 2200 Quod
448 2128 593 2185 acrimonia
608 2127 720 2181 abradat
734 2128 871 2192 intortius,
883 2128 985 2199 reliqua
997 2128 1098 2181 circen
1111 2127 1290 2194 erlauloeret,
1298 2142 1323 2183 et
1334 2128 1386 2199 dyr

316 2222 443 2277 euteriam
456 2230 503 2273 aut
523 2232 672 2271 tenesmum
686 2216 792 2269 excitet.
810 2220 841 2269 6ο
859 2215 941 2282 Quod
965 2216 1131 2289 malignitate
1151 2216 1275 2289 quadam
1290 2215 1384 2289 spoe'uli

318 2308 483 2384 principibus
504 2304 621 2377 partibus
642 2304 743 2357 bollum
760 2303 876 2366 inierat,
893 2316 920 2357 et
938 2322 995 2367 oor,
1013 2305 1217 2370 veaoieotom,
1233 2305 1326 2378 hepar,
1341 2316 1385 2359 etc.

317 2400 434 2473 graviter
447 2395 533 2449 ladit

353 2489 416 2541 Hoc
424 2498 513 2538 autctu
523 2482 682 2537 scammonii
691 2480 753 2534 vitia
760 2480 922 2552 quibasdam
931 2480 1105 2534 cautionibua
1114 2480 1259 2536 ommdari
1269 2495 1381 2555 potant:

320 2590 345 2633 ιο
355 2576 382 2630 Si
393 2589 513 2645 tempore
526 2582 677 2643 opportuno
690 2569 858 2631 exhibeatur,
870 2566 898 2620 id
910 2582 958 2634 est,
969 2570 1012 2623 vel
1025 2570 1137 2623 ineunte
1151 2572 1270 2635 morbo,
1279 2572 1302 2624 ai
1310 2582 1381 2623 mate·

317 2666 357 2721 ria
369 2673 474 2736 turgent
488 2670 514 2715 et
526 2658 635 2731 quidem
652 2658 742 2711 rtatim
753 2658 788 2710 ab
800 2657 894 2719 initio,
905 2657 948 2710 vel
964 2675 1042 2711 remit
1053 2676 1141 2730 quum
1156 2658 1287 2715 humores
1298 2676 1382 2712 cunm

318 2754 356 2809 cti
370 2752 467 2805 luerint
483 2761 509 2801 et
525 2746 601 2800 fluidi
620 2746 690 2799 fecti.
707 2748 737 2798 s⁰
753 2745 783 2799 Si
796 2744 854 2799 doti
871 2762 989 2817 congrua
1006 2758 1140 2799 sumatur.
1156 2746 1190 2799 ³⁰
1202 2748 1235 2801 si
1251 2750 1303 2802 rite
1312 2746 1381 2801 laesit

318 2850 502 2915 prmpmtntn.

354 2929 431 2983 Prius
441 2922 598 2980 scammunii
611 2919 764 2993 corrigendi
776 2919 871 2975 modus
880 2940 895 2973 a
905 2920 1024 2987 Gelono,
1033 2920 1081 2974 lib.
1092 2922 1123 2988 Ι,
1135 2921 1378 2978 ὀεΔΙίιειιιι.Ρι-

315 3016 456 3073 cultatibus
469 3011 507 3063 sic
516 3010 638 3064 refertur.
649 3008 713 3061 Muli
722 3008 830 3080 cydonii
841 3007 1022 3061 meditullium
1032 3022 1060 3063 et
1069 3008 1172 3063 semina
1183 3011 1376 3085 exscripelmut:

319 3102 416 3161 deinde
426 3100 565 3155 caritatem
577 3102 741 3153 mammonin
753 3097 914 3169 implentes,
926 3098 1011 3151 farina
1028 3117 1060 3151 ex
1070 3116 1139 3169 aqua
1153 3100 1269 3153 abacta
1278 3099 1377 3154 drm-

317 3193 453 3251 linebaut‚
463 3189 596 3249 amabant,
606 3198 686 3258 atque
694 3186 733 3239 ita
739 3187 838 3239 malum
848 3185 1030 3241 mandendum
1041 3187 1218 3241 exhibebant.
1225 3190 1303 3243 Nunc
1310 3186 1376 3256 vulp

318 3284 400 3357 pulpa
408 3291 566 3337 removetur,
576 3288 603 3328 et
612 3274 808 3328 scammoniam
816 3284 923 3327 coctum
931 3274 1074 3328 retinetur.
1083 3276 1138 3327 Alii
1145 3277 1260 3349 pulpam
1268 3276 1377 3329 retiret.

317 3366 509 3427 scammoniam
519 3374 694 3417 removentes.
707 3360 760 3414 Alii
768 3380 829 3414 cum
839 3362 944 3415 Galeuo
955 3374 1103 3433 utrumqne
1114 3364 1243 3418 retinent.

351 3454 471 3511 Tandem
487 3451 667 3523 nouissimum
680 3448 756 3521 qnod
768 3449 802 3503 de
813 3449 866 3503 laoc
879 3448 1075 3508 medicamento
1080 3449 1215 3524 judicium
1225 3450 1376 3506 sistartia

319 3566 389 3609 mus,
398 3546 431 3597 D.
442 3540 718 3603 Hacoum‚Traotatu
726 3538 763 3592 de
769 3538 953 3611 Purgantibos
960 3539 1084 3605 tulithic
1092 3539 1211 3604 addam3
1224 3540 1317 3595 anilioot
1325 3540 1375 3591 aal-

319 3638 377 3691 lum
396 3648 453 3687 esre
473 3627 662 3683 medicamenti
681 3644 781 3699 genna,
799 3626 874 3699 quod
889 3626 917 3680 in
932 3626 1056 3681 medente
1066 3628 1130 3700 pius
1140 3628 1261 3695 consilii,
1278 3629 1305 3680 iu
1315 3642 1373 3697 qm

319 3724 379 3798 plus
389 3718 611 3793 opportunitatis,
623 3728 649 3769 et
660 3715 688 3769 in
695 3728 812 3788 utroque
822 3716 884 3789 plus
891 3716 1009 3788 requirat
1015 3714 1196 3771 ordinationis
1206 3730 1234 3770 et
1243 3727 1371 3789 apparatu

357 3808 435 3883 Apud
449 3808 558 3861 Veteres
568 3806 747 3878 usurpabatur
759 3804 877 3858 exterius
890 3804 919 3857 in
932 3803 1076 3859 linimeutis
1088 3816 1116 3858 et
1129 3806 1273 3878 unguentis
1283 3802 1316 3857 ad
1327 3818 1373 3853 sca·

247 3930 249 3935 v
320 3900 409 3959 hiem,
423 3895 459 3950 ad
472 3896 586 3949 allectus
598 3894 691 3967 capitis
700 3892 871 3965 frigidos,ad
883 3906 1003 3947 tumores
1010 3892 1096 3948 duros
1105 3906 1132 3948 ot
1144 3886 1370 3949 ninhoeoetctnl·

319 3985 434 4048 vendor,
448 3985 482 4037 ad
502 3981 658 4037 ischiadicos
671 3982 794 4047 dotores,
813 3995 865 4037 cte.
885 3994 910 4036 et
927 3982 988 4035 lana
1001 3982 1154 4050 subditum,
1166 3984 1203 4037 ad
1220 3992 1369 4037 meum*

319 4074 427 4135 vestdot.
440 4072 525 4125 lindie
537 4072 579 4125 vix
592 4072 643 4124 ulio
656 4090 705 4125 um
716 4084 756 4124 est
768 4083 851 4143 qorm
860 4070 894 4125 uel
908 4073 1089 4145 purgationes.
