2925 5009
343 429 414 501 aaa
616 431 656 498 o.
683 374 850 497 enimi
875 426 978 496 aar.
1006 426 1133 496 ursa.

342 564 445 633 odore
453 548 476 648 ³,
494 578 527 631 et
542 561 616 631 ideo
631 562 764 631 nomine
778 584 929 655 quoquc,
946 556 1105 653 parvula,
1127 553 1284 625 cauliculo
1296 556 1397 625 crassi·

342 658 475 739 tudinel
491 667 632 763 digitali,
662 665 750 737 foliis
778 668 921 753 scabris,
944 663 1102 750 exilibus,
1123 661 1218 750 albis,
1242 663 1277 729 in
1305 663 1396 753 petris

344 764 492 847 nascens.
515 779 642 845 Omnes
659 774 789 862 herbae,
807 772 865 842 sed
881 784 1019 868 propter
1039 754 1287 865 cognationem⁵
1308 768 1398 836 nomi

346 884 395 952 nis
415 907 482 951 non
505 880 706 951 differendae.
734 882 876 949 Prosunt
899 878 1056 947 adversus
1074 876 1287 975 scorpionum
1314 874 1395 941 ictus.

346 983 432 1049 Item
448 973 605 1074 iocineri⁶
627 986 716 1057 illitae
735 1010 811 1055 cum
831 984 968 1081 palmis,
993 996 1051 1052 aut
1072 982 1226 1053 cotoneis.
1243 977 1396 1049 Renibus⁷

313 1121 327 1156 2
347 1102 380 1155 et
397 1090 530 1175 vesicae,
546 1094 722 1163 decoctum
734 1116 848 1161 earum
867 1117 944 1161 cum
961 1089 1066 1159 farina
1083 1087 1275 1158 hordeacea.
1289 1085 1396 1154 Morbo

346 1218 478 1288 quoque
499 1186 622 1288 regio⁰,
643 1214 675 1266 et
696 1198 799 1267 urinae
817 1195 1089 1277 difficultatibus,
1106 1220 1147 1265 ex
1163 1217 1247 1288 aqua
1266 1191 1395 1261 decocta

346 1299 515 1368 bibuntur.
522 1301 708 1368 Novissima
725 1318 841 1373 contra
856 1317 1025 1399 serpentes
1039 1300 1127 1370 valet
1147 1324 1223 1369 cum
1234 1296 1339 1373 melle.
1354 1298 1397 1365 sa

347 1420 381 1474 et
394 1407 546 1501 apposita
561 1404 678 1475 vulvas
689 1424 821 1501 purgat.
836 1410 1042 1505 Sanguinem
1059 1404 1256 1476 densatum⁹
1271 1402 1396 1473 extrahit

345 1526 434 1605 pota.
463 1510 609 1583 Sudores
641 1511 721 1581 facit
755 1518 923 1609 perunctis
945 1539 1005 1601 en,
1037 1512 1249 1609 peculiariter
1281 1508 1397 1579 renibus

292 1651 303 1657 ·
344 1616 442 1689 utilis.
451 1621 550 1688 Fiunt
560 1617 584 1642 ¹⁰
602 1643 643 1687 ert
655 1642 693 1687 ea
705 1634 740 1687 et
754 1618 943 1713 hydropicis
962 1619 1086 1714 pilulae,
1098 1644 1174 1690 cum
1191 1615 1286 1688 fioo¹¹
1301 1614 1396 1684 alvum

385 1826 410 1879 ³.
442 1827 525 1879 Tertio
547 1825 627 1878 eodem
646 1825 728 1879 odore.
749 1826 853 1898 Nempe
901 1824 981 1881 codd.
1004 1840 1030 1880 et
1053 1824 1117 1880 edit.
1137 1825 1277 1897 principe,
1297 1822 1395 1894 paula,

342 1906 427 1960 odore
447 1908 533 1977 pinus.
554 1906 598 1958 Sic
616 1905 704 1959 Diosc.
722 1906 739 1957 l.
760 1926 783 1959 c.
802 1906 857 1960 Ital
900 1906 1019 1960 cauliculo
1034 1906 1140 1977 digitali.
1154 1906 1209 1959 En.

342 1988 412 2057 spira
437 1988 475 2048 τίς
499 1989 548 2046 icis
572 1985 645 2056 ἅρῥην
669 1988 855 2057 καλουμένη...
943 1986 968 2039 5.
987 1986 1091 2058 Propter
1106 1990 1283 2055 captationem.
1298 1984 1394 2053 Propter

344 2068 391 2129 ὅζιι
406 2061 435 2121 di
453 2066 496 2120 aul
511 2072 583 2119 τοῦτο
598 2065 694 2127 πίτυος.
709 2065 858 2137 Pingiturs
899 2064 1053 2119 affinitate·
1066 2066 1182 2118 nominis
1198 2082 1261 2117 enm
1278 2063 1357 2133 piosa.
1368 2057 1394 2111 de

343 2146 458 2200 Lobelio
470 2148 498 2198 ln
511 2145 578 2200 Obs.
589 2164 616 2216 p.
628 2163 692 2215 ²07,
703 2146 753 2197 sub
767 2148 859 2217 Ajugae
899 2165 952 2217 qua
962 2164 1021 2217 cap.
1031 2146 1156 2217 proximo
1164 2144 1285 2209 dictum
1294 2140 1391 2194 meniu

343 2227 461 2279 nomine.
473 2226 500 2278 A
511 2223 667 2290 Dodonaeo,
679 2244 707 2296 p.
720 2230 768 2290 46,
778 2244 792 2277 a
802 2244 857 2295 quo
899 2225 979 2279 etiam
992 2226 1179 2297 Theophrasto
1191 2224 1280 2295 pices,
1289 2223 1360 2283 sirau,
1371 2230 1393 2270 ut

343 2306 517 2377 chamaepitys
524 2305 774 2376 primaappellstur.
790 2306 856 2359 Iram
899 2304 1014 2359 diximus
1030 2317 1037 2352 :
1052 2322 1134 2375 quare
1148 2302 1182 2356 de
1202 2301 1351 2373 ehamapity
1365 2316 1391 2351 εἰ

342 2386 413 2439 Galli
433 2398 541 2446 vocant,
565 2398 743 2456 cognomento
764 2385 856 2437 Artlre·
899 2384 1038 2437 occasione
1049 2384 1165 2437 disserit.
1180 2380 1273 2437 llum.

344 2471 424 2524 ticam
441 2464 590 2518 Subscribit
605 2464 723 2535 Anguill.
738 2462 768 2517 P.
779 2464 860 2530 XIII,
940 2468 967 2519 6.
976 2465 1037 2517 Item
1040 2467 1152 2535 jacincti.
1162 2463 1261 2516 Galen.
1268 2460 1300 2515 de
1309 2456 1389 2513 Facult.

342 2566 371 2617 p.
396 2551 461 2609 all.
482 2544 661 2615 Chamaepitys
685 2542 855 2597 officinarum
898 2544 987 2616 simpl.
1009 2542 1081 2599 med.
1098 2544 1182 2606 VIII,
1205 2562 1237 2613 p.
1258 2540 1359 2602 sinil-

343 2622 572 2679 etaDioscoridis
589 2622 723 2695 Pliniique
737 2621 856 2689 delinea-
939 2644 966 2695 7.
989 2623 1102 2677 Renibus.
1130 2623 1223 2681 Diosc.
1253 2622 1306 2681 111,
1334 2615 1390 2687 175⁴

342 2705 415 2757 tione
425 2705 513 2771 abest,
524 2702 668 2775 etindigua
682 2721 856 2777 prorsusquae
897 2704 982 2757 Marc.
995 2706 1074 2774 Emp.
1085 2721 1109 2756 o.
1122 2719 1207 2766 xxrr,
1220 2721 1249 2773 p.
1264 2703 1322 2771 178.
1331 2696 1359 2749 ll

341 2785 375 2837 iis
392 2785 533 2855 generibus
553 2781 753 2847 adnumeretur,
771 2802 854 2855 quum
934 2784 963 2849 ι8.
983 2784 1069 2849 Morbo
1081 2802 1173 2854 quaque
1188 2785 1266 2853 regia
1285 2781 1389 2833 bima

341 2863 416 2919 nullo
429 2865 464 2917 sit
479 2866 558 2935 pinus
574 2860 675 2929 odore,
692 2876 722 2915 ut
737 2863 856 2917 lluellius
899 2863 960 2918 Gal.
975 2864 1004 2916 ll.
1015 2882 1053 2917 cc.
1071 2860 1163 2912 illan·

342 2943 544 3008 animadvertit,
557 2944 614 3004 111,
628 2944 680 3013 75,
691 2962 721 3014 p.
739 2942 804 3013 576.
819 2944 855 2998 H.
939 2963 967 3012 9.
980 2943 1126 3013 Sanguinem
1134 2942 1271 2996 &matum
1281 2939 1388 2992 sinan·

341 3024 651 3086 —Ivaartlaritico,sive
664 3024 782 3075 arthetica
796 3022 856 3075 osli·
897 3023 1052 3095 globatum,
1075 3034 1105 3074 ut
1134 3019 1240 3075 dictim
1262 3039 1285 3073 c.
1309 3034 1339 3087 η
1357 3029 1386 3081 η·

342 3103 426 3158 cinar.
453 3121 484 3155 es
510 3114 550 3156 est
571 3120 650 3172 quam
669 3103 751 3175 paulo
775 3122 854 3174 supra
897 3101 970 3175 quod
995 3104 1022 3155 in
1046 3100 1222 3173 praecipitatis
1246 3096 1385 3171 pausiam

341 3183 434 3253 Ajugae
449 3182 627 3253 Clamoepityos
637 3183 747 3236 nomine
760 3180 855 3235 distin·
897 3184 996 3237 evenit.
1011 3182 1101 3234 Hann.

340 3262 436 3316 ximus.
452 3262 544 3315 Planta
560 3272 600 3314 est
612 3278 716 3327 amara,
728 3262 854 3315 oromati-
940 3281 982 3315 10.
999 3262 1084 3315 Fiunt.
1100 3261 1190 3315 Diosc.
1204 3261 1258 3313 loc.
1275 3258 1315 3311 cit.
1325 3262 1384 3307 naas·

340 3361 384 3409 cs,
402 3341 486 3396 odore
500 3342 612 3395 resinam
631 3341 733 3411 ploeam
750 3355 797 3395 aut
816 3342 854 3395 la·
895 3345 965 3396 isica
980 3338 1010 3396 dl
1023 3342 1066 3395 obs
1082 3343 1178 3406 aluus,
1196 3341 1241 3394 καὶ
1256 3336 1306 3392 ἀντὶ
1320 3348 1383 3385 aurs·

340 3423 442 3494 rignum
471 3420 602 3485 referens3
626 3421 767 3493 precipuas
789 3440 853 3474 vero
894 3423 981 3476 arrisu
1010 3417 1130 3494 alrdrplvn
1160 3420 1284 3491 μαλάσσει
1305 3410 1382 3467 urslin-

341 3502 552 3555 rrstimationisin
563 3499 713 3555 ischiadicis
723 3514 749 3554 et
757 3501 853 3554 arthri-
898 3501 1044 3555 :Contrita
1065 3520 1129 3554 vero
1156 3518 1220 3553 cum
1242 3496 1349 3553 ficato.
1363 3497 1383 3537 ὅ

340 3578 851 3644 tioisulfectionibus;undeillinorueu.
895 3582 1040 3652 pilularum
1066 3581 1147 3633 instar
1176 3578 1292 3633 exhibita
1314 3567 1382 3633 (Μὴ

341 3660 447 3713 Habitat
465 3661 493 3713 iu
510 3660 578 3731 agris
602 3660 721 3730 Anglio,
740 3660 852 3725 Galliae,
895 3657 985 3725 addit,
999 3651 1147 3733 hydropico)
1166 3660 1258 3712 alvum
1270 3648 1381 3709 emollit.»

310 3796 313 3801 .
341 3738 432 3799 Italiac,
447 3753 497 3793 etc.
515 3741 558 3793 ct.
573 3738 676 3793 Geofir.
695 3740 760 3793 Mat.
780 3738 850 3793 med.
896 3740 986 3793 llsan.

341 3830 360 3873 t.
376 3820 433 3882 III,
449 3838 477 3891 p.
492 3820 547 3872 306
562 3838 619 3892 sqq.
632 3820 683 3873 En.
940 3838 985 3874 rt.
996 3819 1066 3872 Fica.
1080 3820 1124 3872 Sic
1140 3830 1167 3871 et
1184 3815 1272 3873 chiffl.
1286 3812 1379 3865 (immt-

382 3905 408 3961 4.
431 3899 550 3963 Parvula,
565 3901 684 3952 cauliculo
699 3920 773 3951 crass.
785 3900 852 3969 digi-
895 3914 921 3954 et
940 3900 985 3953 Al.
1003 3912 1064 3952 ante
1077 3897 1227 3967 Hardficu.
1241 3896 1278 3947 De
1285 3890 1331 3962 fiet
1342 3900 1380 3973 ΠΡ·

342 3978 394 4029 tali.
406 3976 490 4031 Grou.
502 3990 529 4032 et
538 3979 580 4032 Al.
589 3992 649 4033 ante
659 3978 852 4051 Hardparvula
896 3999 945 4051 per
964 3981 1072 4032 inventa
1094 3978 1122 4031 in
1146 3974 1283 4031 Herculani
1301 3967 1378 4023 minti,

279 4120 282 4123 ⁴
340 4057 560 4122 cauliculo,cross.
573 4058 710 4129 dipllrot.
724 4078 756 4113 ex
769 4062 848 4132 Rrgg.
895 4059 958 4114 vide
973 4060 1073 4113 Excv
1087 4056 1119 4111 ad
1134 4058 1216 4111 linem
1229 4056 1281 4123 huj.
1292 4040 1377 4103 lib-1¹3⁰·
