2925 5009
51 502 1042 529 mfflmfflmmfflmmmmfflfflfflfflffl
1048 508 1138 531 mm

324 685 760 793 EXCURSUS
796 686 870 790 ΙΙ.

387 873 451 941 DE
475 874 817 945 MANDRAGORA.

284 1026 324 1075 ae
334 1042 361 1075 a
372 1027 532 1083 nutaverat,
541 1028 666 1083 anxur,
678 1036 786 1091 amr,
801 1029 923 1091 pagam

50 1156 373 1252 Mandragoram,
397 1156 465 1227 alii
483 1160 659 1229 Cr'rcoeum
684 1172 831 1229 vocant.
862 1160 948 1227 Duo
975 1158 1052 1249 ejus
1075 1184 1140 1257 ge·

96 1292 220 1338 nera:
244 1262 440 1352 candedata,
461 1272 528 1364 qui
539 1282 576 1339 et
587 1292 689 1354 mas3
704 1274 815 1365 niger,
830 1273 896 1365 qui
901 1268 1047 1358 femeiza
1064 1276 1141 1341 exi·

97 1386 288 1464 stimatur,
309 1393 377 1451 etc.

409 1547 807 1583 ...ῥοᾷ-.-

83 1696 284 1771 Handragorc
297 1695 356 1749 dure
365 1694 513 1749 traduntur
525 1694 685 1750 differentiae
694 1696 734 1767 (r)
748 1713 754 1749 :
767 1715 824 1751 una
834 1694 932 1753 dicitur
947 1717 1004 1753 maa
1018 1719 1065 1755 eeu
1076 1720 1140 1756 can·

53 1784 125 1853 dida,
141 1788 234 1841 altera
248 1805 313 1840 vero
323 1784 422 1839 lemine
435 1804 483 1839 aen
495 1784 581 1855 nigra.

84 1873 278 1945 Mandragora
293 1890 350 1925 maa
367 1890 416 1925 een
433 1870 565 1939 candida,
577 1870 689 1926 Officia.
707 1870 885 1943 mandragora
901 1872 992 1929 fructu
1005 1875 1142 1946 rotando,

54 1962 85 2020 (i-
94 1963 128 2016 B.
140 1962 173 2015 P.
191 1964 256 2029 169.
267 1960 373 2031 Vulgo,
387 1962 559 2027 Mandragore
572 1958 648 2012 mdle.

84 2050 220 2106 Radicem
230 2048 335 2121 profert
344 2066 477 2112 crasaam,
487 2048 597 2119 longam
606 2084 615 2112 ,
625 2045 763 2102 interdum
776 2046 925 2122 simplicem
942 2060 967 2101 et
979 2048 1140 2118 indivisam,

54 2156 120 2211 repe
129 2138 266 2202 bifidam,
279 2138 446 2191 incorantem
463 2133 614 2202 bominem,
631 2149 661 2189 ut
675 2134 725 2188 ribi
739 2134 882 2208 peranadet
896 2136 1007 2211 vulgar,
1019 2140 1140 2194 releren-

54 2240 122 2294 ω,
140 2226 287 2281 interdum
303 2225 384 2280 etiarn
396 2222 518 2278 trifidam
532 2236 580 2278 aut
592 2223 787 2297 quadrifidam,
806 2238 919 2279 externe
935 2227 1139 2293 candicantem,

53 2328 97 2369 ant
115 2336 150 2370 ex
169 2316 285 2369 cinereo
302 2312 497 2385 ferrugineam,
514 2312 621 2366 interne
640 2313 779 2387 pallidam.
798 2314 840 2367 Ex
853 2315 910 2387 ejua
929 2315 1016 2388 capite
1034 2316 1135 2391 absque

54 2406 128 2458 caule
143 2404 214 2458 lolia
229 2414 329 2456 exeunt
342 2402 451 2455 circiter
462 2400 607 2467 cubitalia,
620 2400 830 2475 aeaquipalrnum
850 2401 906 2455 lere
919 2402 986 2467 lata,
1006 2404 1136 2477 utrinque

55 2493 224 2553 acuminata,
235 2488 436 2552 atro-virentia,
452 2486 634 2541 soetida.1nter
645 2487 703 2542 hoeo
717 2506 733 2541 a
747 2487 837 2543 radice
848 2507 957 2563 quoque
966 2490 1083 2563 pediculi
1096 2511 1136 2549 aa·

56 2593 169 2653 aurgnnt
181 2578 276 2633 crebri
286 2618 294 2645 ,
304 2576 514 2650 eeaquiuncialea
532 2589 578 2630 aut
591 2577 722 2649 palmares
737 2576 831 2641 etiarn,
846 2576 941 2631 florem
949 2578 1047 2651 cinguli
1060 2583 1140 2635 ruati-

57 2678 146 2721 neatee
165 2666 390 2737 monopetalum,
405 2663 661 2736 campaniiormem,
676 2663 941 2737 quinquepartitum,
965 2666 1070 2721 modice
1083 2668 1141 2723 bir-

58 2770 162 2821 autum,
178 2753 292 2809 aordidc
311 2752 497 2807 candicantem
516 2772 549 2807 ac
567 2751 693 2807 nonnihil
706 2764 963 2825 purpurarcentem‚
987 2756 1140 2823 foetentem,

58 2862 115 2898 eom
126 2844 226 2918 calyce
239 2844 335 2897 villoso
346 2841 429 2895 viridi
439 2842 468 2895 in
479 2840 601 2913 quinque
610 2839 720 2895 lacinias
734 2841 837 2907 divim
847 2860 881 2895 ex
891 2861 947 2914 qno
957 2846 1043 2918 surgit
1055 2846 1139 2918 pictil-

58 2933 111 2987 lum
122 2932 200 3007 qnod
213 2932 334 2986 infimam
343 2930 417 2984 floria
429 2943 534 3003 partem
547 2930 663 3002 pasodit
676 2943 703 2985 et
713 2931 771 2985 abit
782 2929 881 2985 deinde
891 2932 920 2985 in
933 2932 1051 2987 fructum
1063 2934 1139 3005 parvi

59 3024 129 3094 pomi
142 3022 237 3095 effigie
249 3034 277 3075 et
290 3019 488 3093 magnitudine,
502 3020 623 3092 primam
641 3020 769 3086 viridem,
786 3019 884 3075 deinde
899 3020 1070 3088 eobloteum,
1081 3042 1139 3077 car·

60 3130 170 3175 mmm,
188 3112 319 3177 mollem,
336 3109 428 3165 odoris
445 3111 535 3181 gravia
553 3110 654 3173 virori,
668 3122 695 3165 et
711 3110 739 3163 in
753 3112 829 3182 cujua
844 3110 929 3185 pulpa
942 3112 1040 3165 aomina
1055 3113 1139 3166 conti·

60 3214 155 3255 aeatnr
167 3201 249 3266 alba,
261 3196 444 3265 subnotanda,
454 3216 602 3269 compreaaa
616 3211 644 3251 et
653 3198 729 3273 quari
742 3197 906 3253 renilormia.

91 3290 273 3359 Mandragora
292 3287 389 3342 femina
404 3306 453 3341 een
470 3286 564 3358 nigra,
577 3287 693 3341 Officio.
702 3286 879 3359 mandragora
892 3284 959 3341 flore
973 3288 1138 3342 rubeamleo

62 3389 288 3451 purpurucentc,
297 3376 328 3429 C.
342 3376 374 3428 B.
388 3374 420 3427 P.
435 3377 495 3445 169.
507 3374 608 3447 Vulgo,
622 3378 791 3444 maadmgore
798 3377 907 3443 somello.
1021 3444 1024 3453 γ

92 3467 157 3539 Ejus
167 3466 234 3523 solia
247 3464 316 3517 mari
330 3462 427 3517 cimilia
437 3474 508 3528 aunt,
520 3460 567 3515 sed
577 3463 730 3535 angustiora
740 3500 748 3527 ,
758 3462 878 3529 minora,
888 3460 1068 3535 nigrioraque.
1077 3462 1139 3517 Flo·

62 3572 100 3609 rer
107 3555 207 3609 coloris
218 3573 251 3608 ex
261 3553 377 3607 cacruleo
388 3551 620 3624 purpurascentia3
630 3552 733 3606 fractus
746 3550 900 3625 pallidiores
910 3550 1040 3617 minores,
1050 3551 1137 3605 turbi-

62 3643 129 3706 nati;
142 3642 218 3697 aorbi
238 3653 287 3695 aut
305 3640 356 3711 piri
369 3640 478 3712 effigie,
494 3637 542 3692 aed
560 3659 615 3693 non
629 3640 721 3694 minue
736 3638 849 3694 odorati.
867 3636 975 3693 Semina
995 3638 1097 3693 minora
1111 3651 1136 3693 et

64 3730 185 3803 nigriora.
198 3729 288 3798 Radix
299 3748 408 3803 quoquc
419 3728 540 3803 prolixa,
553 3728 619 3785 forie
629 3730 744 3803 amplior
755 3729 889 3802 nigricana
899 3766 907 3793 ,
918 3728 1027 3783 interius
1036 3727 1136 3783 albida.
1209 3717 1216 3728 “

90 3878 124 3942 (r)
141 3884 231 3942 Atropa
246 3877 407 3939 Mandragorae
423 3873 548 3937 (penard.
564 3890 688 3937 monegya.
709 3890 764 3938 gen.
779 3873 826 3922 Soa
846 3876 909 3921 Pera.
925 3872 1032 3920 Manae.
1051 3876 1133 3935 lara).

63 3955 153 4005 dabitat
161 3962 186 4004 in
197 3956 328 4019 lliapaaie,
343 3955 464 4009 lleleetioe,
475 3955 558 4010 ltaliae,
568 3956 655 4011 Cretae,
665 3955 808 4017 Cycladum,
825 3962 869 4002 etc.
879 3954 973 4016 apricio.
983 3954 1064 4003 Variat
1072 3953 1136 4001 follia

66 4034 203 4091 eborum.
216 4036 394 4099 angardorlbu
403 4044 427 4081 et
439 4038 514 4097 magia
524 4034 652 4081 endalatio.
665 4034 736 4083 eunt.
745 4035 867 4083 Lamnck.
879 4034 1038 4097 Eacyclcped.
1046 4044 1103 4083 tam.
1113 4035 1137 4089 l,

66 4114 176 4180 pag-³91.
190 4119 237 4165 lo.
