2925 5009
347 464 420 538 252
611 471 651 539 c.
680 470 851 539 perun
879 468 989 539 aar.
1018 468 1148 537 ursr.
1246 429 1250 437 ’

344 596 564 667 detractiones
574 584 610 684 ¹⁵,
623 614 784 694 quantum
803 601 909 669 tribus
929 596 1039 692 digitis
1054 600 1196 692 capitur,
1209 598 1427 696 miscentque

344 700 479 772 ellebori
490 702 556 773 albi
569 728 672 774 unum
684 720 719 774 et
737 705 908 775 dimidium
920 703 1072 792 obolum,
1095 706 1328 801 purgationem
1342 732 1427 777 eam

344 808 556 897 adhibentes,
575 814 717 881 maxime
735 814 869 882 insanin
887 808 1153 889 melancholica,
1175 811 1427 899 comitialibus,

344 914 539 1010 podagricis.
552 918 596 984 Et
610 942 670 1011 per
683 942 718 987 se
730 918 898 988 drachmae
912 917 1060 1012 pondere
1075 918 1221 986 exinanit
1227 902 1260 985 ¹⁶.

311 1052 322 1085 ι
397 1024 502 1089 LXV.
514 1021 685 1091 Hordeum
699 1021 980 1118 optimum‚quod
993 1022 1271 1093 candidissimum.
1285 1024 1426 1095 Succus

342 1125 470 1196 decocti
485 1129 519 1195 in
532 1151 618 1221 aqua
630 1127 751 1199 caelesti
769 1130 930 1226 digeritur
944 1129 977 1198 in
987 1128 1151 1222 pastillos,
1170 1143 1208 1197 ut
1219 1129 1426 1199 infundatur

342 1231 562 1302 exbulceratis
582 1235 760 1306 interaneis
778 1250 812 1305 et
828 1234 946 1305 vulvis.
962 1236 1054 1305 Cinis
1067 1236 1138 1327 ejus
1153 1234 1335 1303 ambustis¹
1358 1236 1423 1306 illi·

343 1339 448 1425 nitur,
468 1354 503 1407 et
522 1341 679 1409 carnibus
700 1366 774 1435 quae
798 1341 958 1411 recedunt
977 1340 1020 1409 ab
1039 1340 1187 1427 ossibus,
1208 1355 1243 1410 et
1262 1344 1423 1437 eruptio·

342 1444 440 1513 nibus
459 1446 601 1540 pituitae,
619 1448 723 1515 muris
746 1450 857 1517 aranei
873 1446 1048 1517 morsibus.
1077 1446 1170 1515 Idem
1191 1470 1330 1541 asperso
1350 1445 1421 1517 sale

342 1574 381 1618 ac
397 1549 700 1636 melle‚candorem
714 1552 887 1639 dentibus,
902 1567 936 1622 et
944 1552 1141 1622 suavitatem
1161 1554 1228 1621 oris
1243 1552 1338 1623 facit.
1350 1556 1421 1623 Eos

341 1658 398 1750 qui
413 1681 498 1751 pane
513 1657 699 1727 hordeaceo
712 1673 864 1742 utuntur,
877 1659 997 1728 morbo
1008 1658 1131 1753 pedum
1145 1660 1265 1727 tentari
1274 1674 1416 1753 negant.

339 1760 490 1832 Novem²
508 1765 619 1857 granis
637 1766 664 1834 si
682 1763 897 1835 furunculum
916 1766 989 1861 quis
1007 1763 1251 1853 circumducat,
1276 1764 1417 1860 singulis

340 1881 403 1953 ter,
422 1893 523 1937 manu
540 1871 685 1956 sinistra,
707 1886 742 1939 et
761 1872 871 1941 omma
891 1874 925 1940 iu
946 1872 1055 1965 ignem
1073 1868 1222 1963 abjiciat,
1236 1871 1417 1941 confestim

303 2023 310 2036 .
340 1976 448 2042 sanari
477 1977 579 2043 aiunt.
608 1977 668 2045 Est
690 1990 724 2045 ct
744 1976 848 2045 herba
869 1960 1061 2071 phoenicea³
1081 1974 1245 2070 appellata
1265 1978 1414 2064 Graecis,

340 2082 461 2150 nostris
486 2106 567 2150 vero
589 2081 754 2151 hordeum
776 2085 955 2152 murinum.
988 2085 1067 2150 llaec
1089 2084 1166 2150 trita
1190 2082 1312 2151 evino
1336 2098 1413 2178 pota

340 2185 498 2280 praeclare
516 2188 581 2256 ciet
597 2176 755 2258 menses⁴.

306 2322 317 2355 1
394 2296 517 2361 vat.
540 2292 712 2378 Ptisanae¹‚
733 2320 807 2389 quae
825 2320 866 2365 ex
879 2293 1006 2365 hordeo
1025 2294 1082 2381 fit,
1101 2292 1214 2377 laudes
1230 2319 1301 2363 uno
1320 2294 1411 2364 volu·

336 2494 457 2565 esterna
475 2494 756 2569 καθαὶριιᾶνοφλίγμα
772 2496 852 2551 τεκαὶ
937 2496 964 2550 3.
993 2496 1042 2549 Est
1068 2508 1092 2547 et
1118 2495 1191 2547 faerber
1214 2496 1351 2565 phenicen.
1375 2494 1409 2547 tta

337 2574 423 2641 χολὴν,
440 2586 489 2627 etc.
504 2574 595 2627 Hero.
609 2608 650 2618 -
664 2576 853 2630 Genuman-
895 2573 987 2629 Diosc.
1006 2574 1062 2641 ΙΙΙ,
1087 2582 1138 2639 43,
1157 2576 1232 2645 φοῖνιξ
1251 2576 1408 2648 appellatur,

338 2673 392 2705 mee.
405 2654 478 2707 Brot.
493 2673 525 2707 ex
545 2654 622 2709 MSS.
642 2656 724 2726 Regg.
747 2674 758 2709 1
779 2668 807 2709 et
820 2675 852 2721 a,
895 2655 960 2707 folio
974 2674 1053 2727 quem
1068 2653 1165 2707 bordei
1178 2655 1305 2708 breviore
1325 2668 1351 2708 et
1367 2672 1409 2705 m·

336 2752 416 2803 grano
430 2733 537 2785 meere.
551 2733 602 2785 Eo.
895 2734 1027 2805 gratiore,
1042 2735 1116 2806 epioe
1127 2734 1193 2786 lolio
1205 2734 1296 2787 simili.
1309 2736 1334 2786 Α
1344 2734 1406 2786 tlar-

382 2812 428 2866 15.
447 2813 494 2865 Aa
503 2814 669 2867 detractiones.
685 2811 728 2866 Ad
744 2812 852 2885 ejectio·
896 2814 981 2869 tbiolo
994 2825 1066 2867 recte
1079 2814 1156 2885 pingi
1167 2813 1325 2885 Anguillare
1337 2825 1407 2866 tesn-

337 2910 384 2944 nes
395 2892 457 2944 bilis
470 2905 497 2945 et
508 2893 610 2963 pituitae
622 2912 671 2964 per
680 2891 814 2946 vomitum
826 2886 853 2946 et
895 2906 939 2948 tur
952 2912 975 2946 c.
993 2900 1040 2957 14,
1051 2912 1078 2964 p.
1096 2894 1162 2963 ²⁵9·
1176 2892 1211 2945 ll.
1223 2926 1264 2935 -
1276 2894 1364 2947 Nobis
1373 2902 1406 2942 est

337 2971 539 3025 exscreationes.
553 2972 675 3025 Dioscor.
689 2972 853 3027 t.c.1reaet·
895 2974 991 3026 Leliam
1001 2992 1105 3044 perenne
1120 2964 1238 3040 (Triarii
1251 2973 1339 3047 digyn.
1352 2988 1403 3043 gen.

337 3070 372 3120 pn
391 3051 441 3103 ἅνω
467 3053 565 3123 φλέγμα
580 3072 607 3104 rr
628 3052 671 3104 eei
689 3054 779 3120 χολὴν,
796 3052 851 3105 ὅσον
899 3068 951 3124 199
970 3054 1039 3106 Pers.
1057 3052 1171 3106 Gremio.
1189 3049 1292 3120 fusa.);
1314 3053 1405 3122 ubique

337 3134 388 3192 rei<
399 3130 463 3201 epici
477 3128 607 3193 describere
617 3134 679 3184 λεῖον
689 3133 774 3201 ληφθὲν
786 3134 852 3201 μετὰ
895 3133 1015 3202 vulgare.
1026 3132 1078 3184 En.

337 3208 460 3281 ὓλιὸόρου
471 3217 555 3264 trucci
566 3208 719 3282 ἡμιωὸὄλυν,
729 3214 773 3265 σὺν
785 3218 853 3282 prle-
936 3218 964 3275 4.
980 3212 1035 3265 Ciet
1047 3230 1144 3263 mensa.
1156 3210 1179 3263 E
1189 3208 1264 3263 dulci
1274 3212 1341 3265 vino
1350 3218 1403 3280 pota

337 3290 536 3361 mespileas).
896 3290 1105 3345 fortassiernem
1120 3308 1153 3342 ex
1166 3302 1273 3342 austero
1296 3284 1402 3349 sienae·

380 3373 425 3421 16.
440 3370 571 3423 Eximit.
582 3370 681 3441 Purgat
693 3387 742 3441 per
752 3369 852 3435 alvum,
896 3368 1080 3424 Dioscoridem
1093 3367 1232 3433 andimus,
1246 3369 1265 3421 l.
1277 3388 1305 3423 c.
1320 3368 1402 3421 nnn.

337 3446 404 3502 κατὰ
419 3450 521 3503 natea.
533 3448 626 3501 Haau.
935 3450 1036 3503 vat.
1052 3468 1078 3503 1.
1088 3444 1205 3501 Prienaee.
1217 3444 1401 3519 Accipiendun

377 3528 462 3581 LXV.
478 3545 503 3582 r.
516 3528 585 3583 Ciuis
596 3530 647 3599 ejus
659 3528 782 3581 ambustis.
794 3525 853 3581 ad·
895 3542 934 3582 est
943 3529 1052 3601 ptisana
1063 3548 1160 3581 nomen
1171 3528 1223 3581 hoo
1232 3527 1307 3593 loco,
1316 3538 1343 3581 ut
1352 3542 1400 3577 mo·

336 3607 377 3659 dit
388 3607 458 3660 Plin.
471 3607 658 3673 vn.111‚3c,
670 3627 701 3662 ea
715 3607 777 3660 elbo
787 3626 853 3661 ovo·
895 3623 941 3662 net
961 3610 1108 3661 Lambinus
1128 3608 1156 3661 in
1179 3606 1273 3659 Horat.
1292 3626 1344 3661 non
1358 3620 1401 3674 pro

337 3705 398 3739 rum
413 3686 492 3739 illini.
502 3686 593 3741 llaau.
896 3706 989 3750 succo,
1005 3688 1090 3758 quiin
1102 3686 1240 3759 potionem
1252 3688 1400 3756 prebeatur,

380 3785 406 3818 a.
433 3766 531 3819 Novem.
553 3766 623 3819 Plin.
641 3765 704 3819 Vel.
725 3766 780 3831 ΙΙΙ,
801 3766 851 3827 3²,
895 3766 1045 3837 cujusmodi
1062 3766 1144 3821 hodie
1160 3766 1219 3819 fieri
1238 3778 1266 3818 et
1282 3758 1399 3839 percolari

337 3844 433 3898 iisdem
442 3847 498 3898 fere
507 3844 709 3900 verbis.Sirnilis
721 3844 853 3901 medicina
895 3847 1034 3900 consuevit
1048 3866 1080 3900 ex
1092 3844 1196 3899 hordeo
1209 3858 1305 3912 cocto,
1321 3846 1346 3897 iu
1355 3857 1398 3913 qn!

337 3925 402 3978 etin
417 3925 549 3979 cicercula
561 3923 595 3977 ad
606 3944 729 3981 verrucae
741 3926 853 3980 inferius
896 3926 964 3979 nihil
973 3928 1042 3980 inest
1051 3940 1147 3998 preter
1156 3944 1268 3997 aquam,
1281 3940 1307 3979 et
1317 3918 1397 3977 bordei

337 4004 461 4071 affertur,
470 4023 494 4057 c.
507 4002 604 4075 725ad
613 4005 773 4059 furunculos
783 4006 854 4079 ipsos
897 4024 1042 4060 cremorem
1056 4024 1063 4060 ε
1077 4004 1122 4059 red
1139 4024 1189 4079 pro
1203 4006 1294 4077 pulte,
1314 4006 1339 4056 in
1354 4014 1396 4079 φὶ

336 4082 365 4135 iu
380 4085 454 4147 faba,
469 4102 493 4137 c.
507 4088 553 4137 60.
568 4082 659 4137 fluo.
897 4084 987 4139 solidae
996 4099 1083 4158 partes
1093 4086 1175 4157 ipsius
1185 4084 1282 4138 hordei
1295 4090 1395 4138 manati
