2925 5009
317 484 388 576 294
587 486 625 553 G
653 482 824 553 PLINII
850 486 960 555 NAT.
986 484 1112 551 HlST.

315 606 492 683 Homerica
508 612 561 683 ille
580 602 726 685 Helene⁸
741 630 819 685 ante
835 616 948 686 cibum
964 615 1171 685 ministravit
1188 614 1249 682 Sic
1263 639 1405 708 quoque

314 722 348 789 in
366 720 580 815 proverbium
596 724 710 804 cessit,
735 724 927 818 sapientiam
951 723 1029 791 vino
1049 720 1249 791 obumbrari
1261 718 1285 787 ⁹.
1311 722 1404 790 Vino

312 824 499 895 debemus¹⁰
514 822 681 914 homines,
698 828 789 923 quod
807 828 868 900 soli
885 826 1076 898 animalium
1097 850 1167 895 non
1182 828 1344 895 sitientes
1360 827 1406 897 bi·

310 930 429 1001 bimus
457 936 560 1027 sque
580 949 698 1028 potum
726 932 968 1031 interponere'¹
989 932 1199 1003 utilissimum
1219 958 1228 1001 :
1248 934 1405 1027 itemque

308 1038 380 1133 jugi
394 1037 651 1133 superbibere¹'.
674 1041 878 1113 Ebrietatem
894 1041 1027 1137 quidem
1041 1039 1168 1136 frigide
1182 1053 1290 1134 potus
1297 1024 1325 1065 ¹³
1342 1065 1405 1108 ex-

278 1168 293 1201 2
313 1143 437 1239 templo
451 1144 596 1216 discutit.
614 1150 759 1217 Menaeis
778 1149 969 1244 potionibus
978 1136 1002 1179 ¹⁴
1023 1172 1083 1243 per
1098 1147 1217 1240 viginti
1233 1144 1311 1216 dies
1324 1160 1404 1217 ante

354 1344 381 1396 θ.
402 1341 532 1393 Hanunea
546 1342 590 1395 illa
610 1342 715 1395 Helena.
730 1340 828 1414 Odyss.
872 1339 986 1407 delicet,
997 1360 1076 1414 ιροιιο
1086 1352 1148 1412 post
1160 1341 1404 1411 compotationes:

312 1410 829 1491 b,v.19:220'ebr'titt'lse'no'dts'ss
874 1422 1047 1494 superbibere
1068 1420 1242 1474 utilissimum
1257 1420 1318 1473 sit:
1334 1440 1406 1493 quu-

271 1566 275 1573 .
312 1502 364 1562 Διὸς
385 1502 526 1573 tempesta.
543 1503 632 1555 Abrin’
654 1499 694 1573 ἆρ’
709 1503 743 1562 ric
769 1496 829 1555 οἶνον
874 1502 944 1555 niam
951 1514 999 1567 ‚ut
1011 1501 1099 1555 statim
1111 1500 1302 1571 subjungitur,
1312 1502 1404 1554 ebrie·

316 1580 377 1646 βοὶλι
389 1580 829 1652 ριίρμοκον,1νοννῖπινονΝτίπινθές
873 1592 953 1634 tutent
978 1578 1083 1652 frigidis
1107 1592 1190 1651 potus
1211 1578 1343 1633 discutit.
1364 1612 1404 1623 -

314 1668 348 1726 τ’,
362 1661 449 1729 ὄχολόν
462 1681 507 1725 τι,
520 1668 602 1713 κονιῶν
618 1661 730 1716 imitatos
747 1661 830 1713 άπάν·
873 1660 914 1713 Ite
927 1661 991 1715 libri
1007 1678 1100 1713 omnes
1117 1659 1196 1713 MSS.
1209 1660 1302 1731 Πομ.
1320 1661 1403 1713 cuth.

313 1760 373 1793 τον,
385 1739 476 1790 Iliun.
874 1740 924 1795 Cb.
937 1760 991 1793 non
1007 1740 1048 1793 uti
1058 1752 1243 1791 correctorum
1255 1740 1329 1793 sitin
1343 1742 1404 1792 vul·

353 1838 380 1888 9.
400 1818 549 1889 Sapientiam
561 1822 620 1871 vino
630 1819 774 1872 obumbrari.
788 1820 829 1871 Eo
873 1820 927 1891 gnti
946 1839 1001 1891 pree
1021 1838 1050 1872 se
1069 1820 1158 1873 lerunt
1180 1818 1264 1885 libri,
1280 1821 1402 1873 obscura

313 1900 447 1969 pertinent
456 1898 827 1953 Greonrumillesententito:
873 1900 952 1971 plene
974 1898 1127 1951 sententia:
1150 1924 1162 1945 ι
1186 1898 1319 1969 Itemque
1345 1900 1405 1971 jugi

312 1974 383 2032 Οἶνον
401 1981 445 2031 οὐκ
462 1980 524 2047 ἶχιιν
542 1974 673 2040 πηδάλια,
688 1983 827 2049 κάτοπτρον
873 1978 1046 2051 superbibere
1070 1977 1191 2031 ebrietati
1209 1995 1216 2029 ε
1234 1996 1321 2048 quern
1341 1982 1404 2051 qni-

312 2054 392 2121 sidouc
405 2060 496 2125 χαλκός
517 2062 564 2121 ic',
581 2052 642 2119 οἶνος
665 2053 696 2110 di
718 2062 768 2111 νοῦ.
787 2058 829 2111 Ac
873 2058 945 2123 dem,
954 2072 1007 2111 etc.
1018 2057 1292 2127 sViniperpotetioni
1303 2078 1403 2129 aquen

312 2156 418 2191 rursum
431 2137 483 2191 hoc
499 2138 687 2208 Xenophontis
702 2136 730 2189 in
749 2137 827 2208 Sym·
873 2138 1046 2210 superbibere
1083 2136 1257 2190 utilissimum
1298 2141 1405 2208 pariter

312 2219 388 2287 posio
402 2235 409 2268 ε
424 2220 471 2270 Τὸν
490 2210 551 2269 οἶνον
571 2216 638 2269 κατὰ
655 2216 702 2277 τὰς
715 2224 764 2269 τῶν
784 2216 828 2269 ἀν·
873 2230 961 2271 censet
975 2219 1064 2270 Diosc.
1080 2218 1115 2281 V,
1133 2234 1163 2267 tt
1183 2234 1190 2269 ;
1206 2220 1250 2269 Δεῖ
1267 2220 1359 2287 μέντοι
1371 2238 1402 2287 γι

312 2290 377 2367 δρῦν
388 2296 479 2367 ψυχὰς,
502 2297 585 2368 ὅσπιρ
596 2291 770 2368 μανδραγόραν
783 2296 828 2359 τὰς
873 2298 939 2369 ptris
958 2299 1001 2355 τὸν
1020 2298 1113 2349 οἴνωσιν
1130 2290 1195 2367 ὕδωρ
1210 2297 1313 2357 πίνειν,
1333 2317 1404 2370 quo-

312 2377 393 2438 λὺπις
409 2377 523 2445 serpitur
537 2398 543 2411 ·
556 2376 602 2437 τὰς
617 2373 646 2430 δὲ
656 2376 827 2447 φιλοφροσύνας
873 2379 944 2431 niam
962 2376 1144 2430 temulentiam
1159 2372 1282 2428 discutit.
1302 2377 1346 2429 Ne
1359 2396 1405 2431 oa·

313 2456 421 2527 ὶγιίριιν,
434 2456 517 2525 ὥσπερ
529 2456 608 2509 (term
624 2458 711 2526 ρλόγο.
728 2454 828 2526 Lepide
873 2470 922 2527 put
938 2456 999 2509 vinu
1012 2469 1131 2523 tentent,
1148 2472 1248 2524 equam
1271 2458 1404 2527 superbi-

314 2536 367 2589 boc
381 2534 589 2606 Aristophanes,
608 2538 636 2589 rb
654 2531 685 2589 di
700 2538 757 2605 ζῇν,
774 2529 828 2589 sini
873 2537 936 2590 bere
955 2549 981 2589 et
1002 2534 1118 2588 Galenus
1137 2535 1234 2605 jubet,
1256 2534 1343 2589 Com.
1369 2536 1403 2601 3,

314 2637 373 2686 μοι,
390 2616 413 2669 τί
430 2616 481 2680 lm
497 2616 529 2667 B.
548 2616 575 2666 rb
585 2615 678 2681 πίνινν,
693 2622 753 2684 φημ’
770 2616 826 2685 ἐγώ.
872 2613 907 2669 de
920 2616 981 2669 vict.
997 2616 1055 2668 ttae.
1069 2616 1097 2667 in
1110 2613 1198 2667 morb.
1212 2607 1256 2665 sc.
1273 2614 1375 2668 Han.

314 2694 390 2747 Idem
410 2707 437 2747 et
456 2710 585 2765 perquam
599 2708 721 2759 venuste,
735 2694 827 2747 vinum
919 2696 962 2749 13.
977 2695 1126 2747 Ebrietatem
1136 2692 1201 2767 qnid.
1206 2694 1322 2762 sir'gr'dce
1330 2708 1402 2765 potu

314 2770 447 2845 dppodimc
462 2768 523 2827 οἶνοι
537 2775 604 2843 γάλα
619 2774 720 2828 scribit.
739 2772 828 2827 Rhod.
873 2776 990 2845 extemplo
1004 2776 1111 2827 dunen.
1126 2776 1201 2826 ttanc
1212 2771 1333 2843 quidem
1346 2794 1404 2829 sen-

315 2872 373 2926 cttp.
384 2865 410 2908 et
421 2854 469 2907 lib.
482 2854 611 2906 XXVIII.
621 2855 723 2907 Dtnnc.
731 2852 828 2905 —Sa·
874 2856 984 2908 tentiam
992 2852 1158 2907 memorabili
1168 2853 1298 2923 exemplo
1306 2853 1403 2909 Celsus

311 2937 438 3004 pientiam.
446 2932 481 2985 Et
489 2946 528 2986 est
536 2931 564 2985 in
574 2932 726 2986 Proverbiis
736 2933 828 2987 Eccle·
874 2934 1022 2998 confirmet,
1032 2934 1060 2985 in
1069 2931 1225 3003 praelatione
1237 2934 1401 3003 operissni:

315 3012 438 3075 siasticis,
459 3010 514 3065 dno
537 3030 591 3064 esse
608 3030 667 3083 ques
682 3010 828 3084 sapientem
878 3012 1144 3085 «ingeniosissimus,
1169 3011 1278 3082 inquit,
1306 3014 1402 3066 saeruli

213 3130 218 3139 ·
315 3091 396 3146 etiem
423 3092 512 3144 virum
533 3109 548 3143 ο
572 3104 661 3145 mente
686 3089 828 3163 dejicient,
874 3096 958 3147 nostri
975 3091 1109 3154 medicus,
1124 3109 1202 3162 quem
1218 3110 1314 3163 nuper
1330 3092 1402 3146 vidi·

316 3172 408 3225 vinum
416 3171 579 3225 etmulieres.
589 3172 662 3225 Eccl.
671 3172 747 3237 XIX,
759 3192 784 3226 n.
793 3172 828 3224 II.
877 3190 949 3239 mus,
960 3172 1082 3237 Cassius,
1097 3170 1262 3225 febricitanti
1272 3170 1399 3236 cuidam,

358 3270 402 3304 ro.
413 3253 478 3303 Vino
489 3251 605 3303 debemus.
621 3251 828 3323 lnttssntegg.
874 3265 900 3304 et
915 3270 1009 3323 magne
1027 3251 1070 3304 siti
1089 3252 1202 3325 allecto,
1222 3269 1313 3321 quum
1341 3264 1403 3323 post

315 3330 394 3385 colb.
419 3330 470 3385 Cb.
491 3334 551 3382 cino
572 3330 665 3383 damus.
687 3328 830 3383 Heum-
874 3331 1028 3385 ebrietatem
1047 3349 1108 3383 eum
1124 3330 1211 3401 premi
1224 3332 1345 3400 eoepisse
1361 3352 1403 3384 co·

315 3412 390 3465 Brot.
404 3424 430 3465 et
442 3409 485 3463 ed.
499 3411 587 3482 princ.
599 3416 659 3461 vino
671 3410 764 3463 damus.
775 3410 827 3463 En.
874 3423 1124 3483 gnosceret,equanr
1133 3406 1259 3480 frigidam
1270 3411 1399 3483 ingessit:

359 3509 403 3544 11.
420 3493 579 3562 Interponens.
604 3490 674 3543 Usus
698 3490 748 3542 hec
764 3509 828 3543 voce
871 3509 924 3561 qua
945 3490 990 3543 ille
1013 3504 1109 3560 epoto,
1139 3508 1222 3561 quum
1251 3489 1314 3543 vini
1344 3491 1399 3543 vim

314 3570 430 3625 Martini.
443 3571 495 3642 Ep.
509 3571 536 3635 1,
550 3588 607 3623 cvrr
622 3587 628 3622 :
651 3598 662 3619 ι
676 3570 828 3641 Interponis
872 3568 1007 3625 miscendo
1019 3568 1147 3640 fregisset,
1156 3566 1279 3639 protinus
1290 3570 1400 3622 febrem

313 3669 409 3722 equam
418 3648 542 3715 subinde,
555 3650 637 3715 Rule;
647 3648 711 3703 Etsi
723 3650 828 3720 cogeris
871 3668 965 3703 somno
978 3663 1004 3703 et
1016 3648 1113 3703 sudore
1127 3646 1259 3701 discussit.
1273 3673 1285 3694 ι
1300 3650 1400 3701 Hssn.

314 3750 330 3783 a
352 3728 457 3794 sodale,
480 3748 566 3782 raram
582 3730 665 3782 Diluti
687 3728 757 3781 bibis
775 3748 825 3783 un·
915 3726 1397 3799 14.dlernet'spottbnlb1n.bleracum

314 3811 383 3864 ciem
394 3808 825 3880 Falerni.·EtSueton.inVesp.
871 3828 976 3862 amero
993 3806 1072 3863 distet
1089 3808 1219 3871 omnino,
1238 3806 1318 3878 quod
1340 3828 1399 3859 me·

314 3913 326 3935 ι
340 3886 460 3943 Inediam
482 3887 560 3941 unius
573 3885 627 3940 diei
645 3908 693 3959 per
706 3888 826 3959 singulos
872 3908 931 3941 rum
946 3890 994 3954 sit,
1012 3888 1055 3941 cui
1076 3886 1145 3940 nihil
1159 3904 1167 3939 :
1180 3906 1335 3943 meracum.
1354 3888 1398 3940 oui

315 3987 418 4042 menses
433 3968 627 4039 interponebat.
642 3994 653 4013 ι
670 3966 762 4020 Ηιιιυ.
872 3986 946 4039 aqum
960 3986 1054 4039 parum
1067 3966 1216 4021 admixtum
1231 3968 1272 4019 sit.
1287 3966 1396 4019 Temen

358 4046 829 4120 rs.1tenrpuejugistanbibere.Ebrie-
874 4048 1002 4101 meracius
1022 4047 1114 4101 bibere
1138 4044 1266 4100 dicuutur
1287 4048 1323 4109 ii,
1343 4044 1396 4116 qui

315 4140 404 4193 tatem,
421 4140 470 4181 etc.
492 4128 571 4181 Forte
589 4148 602 4178 e
615 4129 686 4197 jugi,
701 4146 768 4199 nque
787 4126 826 4179 vi·
873 4128 964 4181 vinum
975 4147 1042 4198 nque
1056 4128 1142 4180 nriuus
1155 4126 1272 4179 diluunt.
1284 4126 1361 4178 Cels.
1371 4124 1395 4185 I,
