2925 5009
444 432 601 505 LIBER
635 436 777 503 XXIV.
1071 438 1138 532 47¹

69 568 234 639 modia
252 568 356 653 habet,
378 567 605 638 efficacissime
625 569 724 663 capiti
743 580 861 637 contra
881 566 1014 639 dolores
1035 568 1144 642 edulii

70 689 182 769 gattar.
199 673 345 763 Quidam
359 688 498 770 propter
508 675 624 745 vesicae
636 674 804 743 cruciatus
820 672 997 744 decoctam
1009 697 1054 745 ex
1064 676 1144 745 vino

68 803 216 875 gramen
239 781 282 849 ad
299 780 444 851 dimidias
465 804 486 851 a
506 780 642 851 balineis
662 780 730 849 bibi
750 779 880 874 jubent

123 888 262 955 cxtx.
288 890 369 957 Sunt
390 890 448 981 qui
474 901 508 955 et
532 887 717 957 aculeatum
740 910 878 981 gramen
900 888 1144 957 recentarium
1166 910 1178 945 ι

71 1014 238 1087 generum
257 1018 375 1087 :quum
392 995 426 1061 in
439 994 611 1063 cacumine
625 992 730 1063 aculei
744 1007 823 1061 suut
839 991 1021 1086 plurimum
1034 994 1147 1087 quini,

69 1097 235 1191 dactylon
262 1097 477 1193 appellant¹:
508 1100 571 1169 hos
599 1098 796 1169 convolutos
822 1098 958 1169 naribus
979 1101 1146 1186 inserunt,

75 1204 320 1299 extrahuntque
343 1206 512 1299 sanguinis
536 1205 644 1274 ciendi
668 1208 786 1300 gratia.
811 1202 959 1287 Altero',
983 1204 1075 1298 quod
1094 1216 1146 1273 est

72 1310 166 1379 aizoo
198 1296 338 1397 simile³‚
369 1310 411 1379 ad
433 1311 636 1405 paronychia
667 1325 700 1381 et
729 1311 880 1406 pterygia
903 1311 1084 1404 unguium,
1110 1308 1146 1379 el

75 1438 174 1509 qurum
193 1440 274 1485 carn
287 1416 455 1511 unguibus
471 1418 621 1503 increvit,
636 1432 778 1486 utuntur
789 1440 867 1485 cunr
885 1418 1029 1510 axungia
1050 1416 1146 1485 :ideo

73 1518 230 1614 dactylon
253 1522 479 1617 appellantes,
496 1524 573 1617 quia
595 1523 705 1617 digitis
726 1522 908 1591 medeatur.
927 1524 1077 1591 Tertium
1093 1543 1146 1617 ge·

77 1648 135 1695 nus
148 1626 289 1721 dactyli,
311 1628 369 1697 sed
384 1631 504 1715 tenuis,
517 1630 664 1699 nascitur
677 1630 712 1697 in
733 1629 922 1723 parietinis,
938 1641 997 1697 aut
1016 1627 1144 1722 tegulis

76 1732 157 1801 Huic
170 1735 322 1804 caustica
341 1736 463 1804 visast.
481 1736 573 1804 Sistit
586 1734 720 1803 hulcera
739 1758 813 1828 que
828 1747 975 1828 serpunt.
996 1736 1146 1803 Gramen

78 1840 170 1931 capiti
194 1840 458 1928 circumdatum,
485 1842 689 1935 sanguinise
709 1841 847 1909 naribus
868 1838 1031 1909 humanas
1047 1840 1143 1909 sistit.

77 1933 249 2014 Camelos⁴
269 1968 389 2015 necare
410 1946 552 2015 traditur
573 1948 607 2015 in
625 1945 803 2040 Babylonis
823 1946 978 2039 regione,
999 1943 1034 2013 id
1055 1943 1146 2039 quod

76 2062 160 2137 yaata
182 2053 255 2121 rias
272 2052 428 2121 nascitur.

115 2245 210 2301 CXIX.
246 2268 272 2303 r.
304 2249 428 2323 Dactylor
453 2250 585 2321 appellarit.
631 2262 719 2302 tamen
734 2248 890 2319 majoribus.
910 2248 946 2301 Er
959 2247 1017 2302 huc
1031 2248 1147 2303 connita

81 2320 130 2377 lion
143 2328 263 2397 primum
279 2329 392 2383 aculeati
404 2328 530 2401 graminis
543 2346 586 2401 ge·
630 2327 803 2401 paronychiis
811 2324 931 2381 remedio
942 2339 995 2381 eat:
1004 2327 1082 2381 nobis
1091 2326 1147 2381 Illa·

84 2418 135 2457 aaa.
159 2406 280 2461 Gramen
306 2408 473 2475 aculeatum,
499 2407 588 2479 inquit
629 2407 723 2461 cedrum
739 2406 894 2479 Paroayelu'a
910 2394 1051 2473 (Pertand.
1064 2425 1146 2459 mono·

84 2480 319 2557 Ruellim,111,p.
333 2488 482 2553 563,rura
496 2500 586 2541 nostra
628 2506 688 2559 gyra.
714 2505 774 2559 gen.
804 2489 859 2555 589
885 2486 958 2539 Pers.
983 2486 1145 2539 Amwantac.

87 2560 154 2615 aian
166 2568 305 2621 canariam
316 2565 423 2621 dentem
433 2566 583 2639 appellant:
629 2566 646 2618 J
649 2564 718 2630 trac).
734 2565 842 2619 Habitat
854 2565 884 2617 in
896 2563 1023 2637 Hispania
1040 2577 1066 2619 et
1081 2564 1146 2619 Gal·

85 2637 155 2711 tliqui
169 2662 184 2697 e
198 2648 278 2717 vulgo
293 2646 441 2716 capriatam,
455 2644 528 2717 quod
543 2662 586 2698 ea·
630 2644 666 2699 lia
693 2644 875 2700 meridionali.
901 2644 1039 2697 Broterius
1064 2642 1147 2716 hahet

85 2720 215 2791 priagrato
231 2725 484 2795 aitpabulosmnlai
499 2726 532 2778 ab
545 2724 584 2779 ei·
632 2724 784 2798 anthyttim
811 2722 993 2791 maritimam,
1023 2722 1147 2779 alaineio·

88 2796 147 2851 lectn
157 2808 356 2873 mgairviara,
366 2804 441 2876 quod
451 2804 536 2858 aculei
548 2804 588 2857 so·
630 2804 705 2859 liam.
717 2806 751 2858 C.
761 2802 847 2857 Bauh.
859 2804 913 2855 En.

87 2874 170 2932 lioraar
188 2886 266 2955 quini
288 2884 377 2937 reniae
391 2884 420 2937 in
435 2883 588 2937 echinatuna
673 2882 699 2935 ³.
715 2884 798 2939 Aiace
812 2882 898 2935 simile.
910 2880 946 2933 Er
959 2879 1028 2935 illud
1045 2878 1146 2953 dactyli

90 2954 206 3029 bafigium
222 2982 277 3017 nna
293 2963 431 3019 convoluti
443 2981 520 3015 nares
535 2964 588 3015 iar-
631 2981 729 3035 genus,
749 2974 777 3017 et
794 2961 902 3015 tertium
923 2958 997 3031 quod
1017 2961 1151 3031 requitur,

90 3035 166 3101 dunt,
182 3040 312 3097 eliciendi
330 3041 467 3111 sanguinis
487 3042 587 3112 gratia,
631 3042 700 3095 niani
716 3042 822 3096 tertiam
836 3038 968 3111 speciem,
985 3039 1041 3093 aire
1056 3039 1147 3095 illece-

91 3130 163 3183 quam
171 3122 398 3175 extrahuntur-H.
409 3122 589 3193 -Dactylnm
632 3120 709 3173 brana
725 3118 905 3181 Dioscuridis,
919 3119 970 3183 w,
984 3138 1034 3189 91,
1052 3118 1090 3172 ita
1107 3137 1148 3173 re·

93 3192 162 3249 lichia
170 3199 266 3255 eodem
280 3200 519 3273 nomineCyaodoa
534 3201 590 3253 Da·
633 3212 809 3271 proueniant,
826 3211 857 3251 nt
872 3197 941 3251 nulli
960 3198 1070 3270 paulum
1090 3216 1149 3251 rer·

92 3274 159 3344 “flor
168 3268 298 3345 (Panicum
304 3278 383 3333 Linn.
396 3278 588 3351 Triuad.'digyra.
632 3292 689 3334 sato
704 3298 760 3332 non
772 3276 876 3349 liquido
889 3290 1003 3343 constet,
1014 3276 1084 3330 nihil
1093 3274 1150 3331 dia·

94 3350 590 3431 gm.159Pera.Gmnin.Juaa.).Spi·
633 3376 751 3433 crepare.
768 3356 839 3412 Vide
859 3355 1001 3410 Lobelium
1023 3354 1148 3411 inddvv.

94 3448 251 3565 ἔαρέῑοηω
264 3437 387 3530 digitpms
396 3440 494 3493 habet:
505 3457 538 3491 ex
550 3456 589 3529 ra·
634 3451 662 3573 gt
678 3439 768 3570 Alplya.
777 3436 897 3570 ldngtlnlill.
908 3436 937 3489 P.
949 3438 1093 3568 Ἥξει
1110 3436 1150 3570 [ξ

97 3528 594 3669 altrat-‘attalaia
637 3533 1150 3665 tsstttx,rittsstts.10atta

97 3670 166 3737 uir,
176 3675 252 3731 etiam
269 3676 415 3731 maritimis.
427 3676 479 3731 En.
638 3676 719 3731 nobie
739 3688 780 3729 eat
792 3675 880 3729 Sedarr
896 3674 1018 3727 stellatam
1029 3662 1153 3745 (Dmrd.

133 3767 156 3803 a.
174 3754 270 3821 Altero,
284 3755 350 3829 quand
366 3768 416 3823 est,
427 3769 478 3811 etc.
496 3754 595 3811 Secun-
636 3750 1152 3828 pentngyagen.1139Pera.Seapercio.

100 3821 153 3881 dm
165 3832 226 3888 illud
242 3854 328 3907 genus
343 3835 442 3908 dactyli
455 3836 591 3891 Delecam·
640 3832 730 3899 loss).
754 3834 861 3888 Habitat
884 3834 913 3887 in
935 3833 1038 3897 Gallia,
1061 3833 1152 3901 Italia,

103 3904 150 3973 1²3⁰·
163 3926 217 3981 poet
233 3915 382 3987 Anguillar.
402 3914 473 3971 idem
490 3934 545 3970 erae
558 3916 593 3969 ait
637 3914 774 3978 Helvetia,
786 3926 837 3967 etc.
849 3914 900 3967 En.

103 3996 297 4065 “flamminia
308 3996 399 4051 Dioac.
410 3996 461 4061 tv,
473 3997 594 4066 idquae
680 4002 706 4059 4.
730 3994 849 4047 Gaulos.
863 3993 989 4047 lumenta
1009 3990 1153 4047 universim

104 4065 169 4134 mlo
186 4072 289 4143 similia,
308 4073 354 4129 aed
375 4075 503 4141 breri0r3
524 4073 594 4129 loliis
639 4074 728 4129 omnia
747 4074 838 4127 necari
860 4072 908 4127 illo
925 4071 1063 4145 gramine,
1082 4070 1156 4144 quod

989 4167 1051 4249 30⁴
