2925 5009
440 459 600 530 masa
631 463 754 531 xxv.
1057 459 1126 558 ⁵97

70 596 186 666 minam
209 607 345 688 putant:
379 617 451 663 mas
471 594 652 664 rarioribus
680 593 777 664 loliis.
802 592 936 664 Hamuli
956 596 1129 691 utriusque

69 700 190 796 plures,
209 714 337 786 tenues,
358 699 535 785 cubitales,
556 699 717 794 angulosi.
740 699 833 769 Folia
848 702 997 784 minora,
1024 725 1126 796 quam

69 829 217 900 quercus,
228 807 498 901 angustiusque,
514 805 666 876 divisuris
681 806 880 928 majoribus,
897 807 958 876 llos
972 805 1155 902 glaucus„

68 911 152 980 radix
169 910 279 1006 longa,
306 913 425 981 tenuis.
447 913 604 981 Nascitur
630 913 794 1007 ubique
784 939 819 982 m
849 910 956 1007 planis
982 915 1124 1007 aquosis.

68 1017 205 1107 Quidam
214 1042 279 1086 uon
291 1003 529 1113 distinguunt
538 1017 595 1088 sed
605 1041 708 1088 unum
717 1043 856 1088 omnmo
865 1043 970 1112 genus
983 1018 1125 1107 faciunt,

67 1125 214 1253 quomam
246 1123 380 1193 eosdem
415 1123 556 1193 effectus
585 1123 715 1193 habeat.
755 1127 907 1219 Utraque
940 1126 1126 1195 sortiuntur
1143 1163 1159 1196 s

67 1214 166 1298 Gatti⁶
166 1245 222 1314 ‚et
237 1231 422 1323 precinunt
435 1253 603 1348 respousa.
619 1229 684 1300 Sed
697 1233 787 1325 magi
802 1233 917 1325 utique
934 1233 1022 1300 circa
1037 1231 1125 1302 banc

67 1335 232 1406 insaniunt
255 1339 328 1406 Hac
358 1351 538 1430 perunctos
561 1337 740 1430 impetrare
765 1361 839 1432 quae
863 1335 985 1423 velint,
1016 1335 1125 1408 febres

67 1440 203 1536 abigere,
218 1441 378 1512 amicitias
391 1441 583 1530 conciliare,
604 1439 752 1536 nullique
767 1468 835 1512 non
852 1443 973 1511 morbo
986 1443 1122 1513 mederi.

68 1547 175 1643 solligi
193 1550 281 1618 cirea
304 1549 407 1617 Canis
425 1563 537 1616 ortum
556 1547 698 1635 debere,
715 1551 761 1618 ita
780 1563 818 1618 ut
838 1573 881 1618 ne
899 1548 979 1618 luna
999 1562 1059 1618 aut
1075 1549 1125 1618 sol

67 1655 253 1748 conspiciat,
274 1653 358 1722 favis
376 1667 453 1722 ante
471 1667 504 1722 et
520 1653 617 1724 melle
634 1669 730 1724 terrae
744 1653 787 1723 ad
804 1656 1010 1749 piamentum
1027 1654 1124 1724 datis.

68 1759 350 1853 Circumscriptaru
368 1759 457 1830 ferro
472 1759 573 1830 ellodi
590 1761 721 1830 sinistra
739 1785 859 1848 manu,
880 1775 914 1831 et
930 1762 964 1829 iu
984 1758 1125 1830 sublime

67 1863 134 1934 tolli
150 1867 299 1935 Siccari
290 1890 323 1933 m
345 1864 463 1934 sambra
481 1869 658 1961 separatim
678 1864 773 1950 solia,
794 1865 943 1955 caulem,
958 1865 1122 1936 radicem·

68 1971 242 2066 aiuntque7,
270 1973 297 2040 si
321 1995 407 2066 aqua
436 1986 611 2101 spargatur
635 1971 833 2060 triclinium,
854 1997 919 2067 qua
933 1919 1125 2061 maduerit,

67 2073 193 2148 latiores
222 2079 398 2148 convictus
420 2063 518 2146 fieri⁸.
544 2077 712 2148 Adversus
730 2077 919 2172 serpentes⁹
942 2082 1126 2148 conteritur

69 2205 100 2251 ex
119 2187 206 2254 vino

110 2291 178 2360 LX.
196 2291 259 2359 Est
279 2287 392 2358 similis
410 2288 571 2358 verbasco
591 2288 712 2357 berba¹
717 2343 727 2376 ,
751 2315 825 2384 quae
850 2315 936 2386 saepe
961 2287 1045 2359 fallit
1063 2316 1125 2385 pro
1146 2329 1158 2364 ι

68 2417 100 2463 es
112 2411 221 2491 capta,
244 2393 330 2466 loliis
348 2396 457 2464 minus
475 2393 643 2482 candidis,
664 2392 834 2466 cauliculis
847 2395 1019 2490 pluribus,
1043 2397 1126 2467 flore

68 2595 121 2650 riter
138 2599 240 2664 barba,
254 2596 291 2651 de
309 2615 372 2651 rors
394 2597 512 2664 marino,
537 2617 567 2651 ac
653 2615 680 2665 9.
701 2597 824 2650 Adversus
847 2608 967 2668 serpentes
982 2601 1122 2651 conteritur.

70 2679 166 2743 eneas,
191 2696 251 2750 ques
270 2677 299 2730 in
328 2677 378 2730 bos
403 2675 568 2730 adhibentur
611 2675 699 2729 Diosc.
715 2677 812 2729 iterum
825 2677 843 2728 l.
857 2693 881 2730 o.
898 2677 988 2729 Hsso.

69 2771 134 2822 sess,
148 2757 268 2812 diximus
280 2761 333 2809 suls
349 2756 423 2808 locis.
437 2755 530 2809 Hsao.
651 2756 709 2809 Lx.
719 2773 744 2808 r.
755 2758 803 2808 ls'ss
815 2755 900 2808 similis
912 2754 1069 2809 vera-terta.
1079 2758 1126 2811 Ss-

101 2835 123 2888 5.
146 2837 257 2906 (laidem
281 2855 330 2887 aon
351 2837 512 2905 distinguunt.
528 2837 569 2889 Ut
611 2851 646 2887 ue
668 2835 854 2888 verbasculum
879 2835 996 2888 herbarii
1015 2835 1125 2908 quidam

70 2911 235 2970 Diomedes.
257 2915 347 2968 Hssu.
369 2945 408 2958 -
419 2914 492 2968 Vide
509 2929 565 2970 not.
611 2915 756 2967 etiamnum
765 2927 869 2967 vocant.
879 2915 1004 2968 blattaria
1014 2928 1051 2968 est
1058 2915 1125 2970 flore

69 2990 187 3068 bai-esp.
202 2997 317 3066 primam
334 2993 380 3047 fin.
394 2995 445 3048 Eu.
610 2992 688 3058 slbo,
710 3013 791 3065 quam
815 2994 942 3047 Lobelius
960 2993 1077 3048 delineat
1095 2996 1124 3048 iu

101 3078 124 3126 6.
145 3077 256 3147 Utraque
269 3076 405 3126 sortiuntur
421 3073 500 3129 Gattt.
513 3073 566 3127 Vel
611 3069 689 3125 Obss.
704 3091 764 3144 pag.
778 3073 842 3137 304.
859 3072 985 3126 Vidimus
998 3073 1027 3126 iu
1042 3074 1122 3128 borso

70 3165 137 3207 sauss
149 3169 179 3209 es
194 3155 303 3208 oracula
318 3151 452 3214 reddunt,
472 3154 511 3205 vel
524 3155 567 3225 ju·
610 3151 707 3222 Hegio.
727 3152 820 3206 Hssn.
841 3182 881 3196 -
896 3153 1020 3204 Verbasso
1037 3155 1124 3206 similis

70 3227 125 3285 dlu's
145 3235 299 3288 instituunt.
310 3234 436 3303 Virgilius
453 3245 460 3281 τ
486 3258 498 3280 ι
512 3233 567 3286 Nec
611 3231 693 3285 lierda.
716 3233 840 3289 Dioscor.
864 3233 915 3297 IV,
936 3239 1008 3295 104:
1026 3233 1123 3287 Pivsrss

70 3326 122 3364 tero
132 3313 189 3368 laec
203 3315 262 3368 siue
276 3324 348 3366 sorte
361 3313 444 3376 dates,
456 3313 513 3365 siue
524 3315 567 3382 ju·
611 3311 652 3364 sel
663 3311 751 3382 φλόμος
763 3314 780 3369 sl
792 3315 910 3382 λιγομόνη
921 3311 1005 3382 ἀγρία,
1015 3309 1123 3381 ῥάίδους

70 3386 119 3444 dics
135 3393 219 3448 sedes.
233 3419 245 3440 ι
269 3392 371 3446 Dassc.
391 3423 426 3436 -
450 3392 565 3464 Utraque.
610 3390 703 3459 ὓψηλὰς
718 3394 822 3462 φέρουσα
842 3391 884 3446 καὶ
897 3386 1057 3460 dssdpsidssc·
1072 3395 1123 3462 Ιχιι

70 3467 383 3546 llusruquesdbibeutin
396 3471 528 3537 sortibus,
538 3483 569 3524 ut
611 3464 641 3524 di
654 3473 683 3522 dv
684 3476 724 3532 οος
741 3472 859 3541 μήλινον,
878 3466 1029 3541 χρυσοειδές.
1052 3473 1124 3527 ·Est

70 3548 345 3624 tumpmnunrient.
357 3551 448 3604 Hasn.
613 3548 1053 3613 etvsrbsscumsilvestredictum,
1068 3553 1123 3606 vis-

102 3635 272 3704 7Ar'seuqus.
288 3630 377 3684 Diosc.
394 3630 445 3684 loo.
460 3631 504 3684 cit.
518 3629 553 3682 H.
613 3647 657 3701 gas
670 3647 764 3700 gerens
781 3631 845 3684 sltss
864 3643 892 3684 et
912 3630 1016 3683 arboris
1036 3633 1124 3702 specie

103 3711 254 3764 blastum
267 3709 460 3778 waaesmfiert.
474 3707 568 3774 Idsst,
613 3709 727 3780 lignosas
753 3703 817 3778 (rel
845 3706 1026 3774 surculosus).
1045 3711 1125 3766 bsbet

72 3789 492 3856 qsodPlutsrebusscribitinitio
505 3793 570 3861 Συμ·
613 3801 702 3843 sutem
717 3787 811 3842 florem
825 3789 944 3853 luteum,
963 3807 1030 3842 suro
1050 3791 1123 3844 simi·

72 3879 205 3924 missa:
219 3871 253 3923 Ol
267 3865 359 3938 piscis
373 3869 407 3922 sis
422 3871 570 3940 βούγλωσσα
613 3869 705 3921 lem.
726 3869 810 3921 Nobis
826 3881 865 3922 est
878 3868 986 3920 Plrlosss's
1000 3870 1125 3940 Lychnitis

73 3957 251 4023 mspspsbsese
271 3951 305 4010 sle
322 3951 364 4002 ris
380 3943 415 4002 etv
403 3969 454 4014 ν,ον
463 3951 569 4010 καὶτοῖς
614 3945 759 4018 (Didymus
764 3967 891 4020 gymnosp.
901 3967 960 4020 gen.
952 3947 1041 4022 ,1397
1053 3951 1123 4004 Pers.

74 4025 423 4104 lmflssppsssssspsrspss'mss
434 4023 571 4082 salatrat-
614 4027 712 4081 chr'st.
730 4020 832 4094 Juss..)
852 4028 984 4082 Habitst'
976 4047 1004 4081 us
1017 4027 1126 4103 Europa

74 4112 259 4181 misissem,
275 4119 327 4162 stc.
344 4110 410 4163 Dsr..
616 4105 794 4168 meridionali.
810 4109 862 4162 Eu
