2925 5009
549 414 703 484 LIBER
729 416 890 485 XXVII.
936 497 939 504 ¹
1186 416 1253 514 887

186 550 374 646 accepimus
392 548 434 617 de
453 545 569 618 tineis²
594 546 853 644 lumbricisque‚
876 549 982 618 inesse
997 549 1151 644 AEgypti,
1172 553 1255 620 Ara.

1 665 10 763 J
115 661 119 667 ’
187 659 268 744 biae,
291 656 409 750 Syriae,
427 653 551 724 Ciliciae
570 652 725 750 populis:
746 680 765 723 e
783 654 916 724 diverso
930 656 1082 745 Graeciae,
1104 655 1255 753 Phrygias

187 765 324 834 omnino
349 786 418 831 non
449 762 585 831 innasci.
618 762 733 830 Minus
763 760 796 829 id
820 763 959 848 mirum,
983 785 1082 856 quarn
1111 763 1200 856 quod
1224 766 1258 833 in

186 870 332 940 confinio
356 871 475 938 Atticae
495 867 694 961 Boeotiaeque
719 866 887 938 Thebanis
907 869 1140 956 innascuntur,
1155 895 1259 964 quum

186 976 297 1046 absint
310 975 577 1045 Atheniensibus.
592 973 677 1062 Quae
691 973 929 1070 contemplatio
946 973 1055 1043 aufert
1067 999 1180 1045 rursus
1197 1002 1258 1048 nos

186 1081 230 1150 ad
249 1084 398 1177 ipsorum
419 1078 610 1150 animalium
632 1093 788 1166 naturas,
807 1082 1036 1176 ingenitasque
1054 1081 1092 1150 iis
1112 1081 1165 1151 vel
1187 1107 1257 1152 cer·

187 1189 289 1258 tiores
312 1187 509 1258 morborum
535 1187 684 1255 omniurn
718 1186 908 1256 medicinas.
939 1189 1120 1257 Enimvero
1147 1214 1258 1258 rerum

187 1296 336 1364 omniurn
351 1317 488 1390 parens,
509 1291 638 1362 nullum
658 1292 780 1362 animal
799 1293 923 1364 adhoc
942 1308 1072 1364 tantum
1089 1307 1126 1364 ut
1140 1319 1259 1389 pasce-

186 1415 298 1485 retur,
316 1414 376 1469 aut
401 1398 464 1468 alia
483 1401 632 1486 satiaret,
653 1401 746 1468 nasci
768 1398 903 1470 voluit:
927 1415 1080 1496 artesque
1100 1401 1260 1472 salutares

185 1508 324 1577 inseruit
338 1521 372 1575 et
380 1505 708 1601 visceribus‚quippe
720 1531 823 1600 quum
842 1492 962 1576 surdis³
982 1509 1080 1576 etiam
1097 1507 1196 1578 rebus
1210 1511 1259 1578 in·

188 1615 336 1683 seruerit
353 1615 439 1682 Tum
456 1637 538 1682 vero
554 1611 610 1681 illa
627 1598 765 1681 animae⁴
778 1611 897 1682 auxilia
914 1601 1201 1708 praestantissima⁵
1220 1641 1261 1685 ex

187 1722 296 1788 anima
322 1717 385 1788 alia
407 1743 478 1788 esse
499 1717 625 1802 voluit,
651 1718 933 1814 contemplatione
954 1735 1031 1790 ante
1054 1736 1175 1791 cuncta
1200 1725 1261 1792 mi·

186 1824 294 1895 rabili.

186 1999 233 2050 τοί·
255 1989 370 2052 lessam
388 1991 414 2048 δ’
433 1998 469 2050 οὔ.
492 1994 536 2050 sic
556 1993 704 2067 peculiares
748 2014 806 2060 res,
835 1993 869 2049 de
900 1996 998 2068 quibus
1022 1996 1119 2050 Paulus
1142 1999 1189 2052 lib.
1209 2001 1260 2068 IV,

186 2076 265 2130 certis
276 2075 430 2146 regionibus
440 2077 552 2128 morbos
561 2075 700 2129 novimus:
748 2093 806 2147 cap.
822 2075 859 2132 58
871 2115 879 2139 ‚
893 2089 920 2129 et
931 2077 1044 2140 lib.v1‚
1058 2095 1116 2148 cap.
1133 2080 1179 2133 83.
1190 2079 1259 2134 Du..

186 2155 308 2225 phthisin
320 2156 462 2218 Lusitanis,
472 2168 599 2208 strumam
607 2153 703 2226 Hispa·
789 2153 815 2206 3.
836 2156 931 2226 Quippe
945 2175 1016 2228 quum
1028 2157 1117 2209 surdis.
1132 2159 1261 2213 Inanimis

187 2236 246 2299 nis,
259 2233 435 2306 Alpinisque:
452 2235 622 2288 Narbonensi
635 2233 700 2288 Gal·
746 2245 773 2286 οι
788 2234 968 2305 ignobilibus,
991 2249 1021 2290 nt
1036 2235 1139 2292 dictum
1155 2251 1194 2292 est
1209 2240 1257 2293 lib.

186 2314 228 2366 lias
238 2313 418 2384 hydrocelen;
436 2333 529 2367 omnes
541 2311 653 2386 quidem
667 2332 700 2367 ex
746 2314 843 2377 XXII,
857 2333 915 2385 cap.
926 2316 952 2370 3.
967 2315 1057 2369 Hsnn.

187 2394 256 2447 seris
272 2393 403 2465 gravitate
419 2406 503 2448 natos.
518 2393 590 2447 Vide
604 2395 703 2447 Ferne·
788 2401 815 2459 4.
829 2395 889 2446 Tum
902 2414 961 2446 nero
976 2396 1018 2447 illa
1029 2398 1125 2450 aalma.
1137 2397 1187 2450 Illa
1198 2398 1259 2452 vitu

186 2473 271 2537 lium,
304 2474 352 2526 lib.
377 2474 406 2526 11
428 2471 463 2525 de
487 2473 585 2527 abditis
609 2491 702 2527 rernm
747 2473 867 2527 remedia
892 2493 923 2528 ex
948 2475 999 2528 alia
1020 2476 1073 2530 vita
1093 2476 1149 2548 peti
1165 2490 1260 2533 natura

187 2553 296 2617 Cauris,
316 2572 377 2624 cap.
391 2570 438 2616 rs,
452 2571 513 2624 pag.
527 2560 574 2623 74.
589 2553 682 2607 Hsnn.
747 2553 851 2618 voluit,
872 2555 923 2608 boe
942 2567 992 2620 est,
1014 2573 1047 2608 ex
1067 2557 1135 2610 rivis
1158 2559 1260 2628 pariter

230 2653 256 2686 s.
277 2634 369 2685 Tiaris.
384 2632 452 2696 atii,
472 2636 559 2686 toenib.
582 2633 619 2686 Iis
636 2651 701 2709 xorn·
748 2634 914 2686 animalibus.
930 2635 1021 2688 Hsnn.

186 2712 266 2765 nibus
285 2712 472 2783 complectitur
487 2713 567 2765 etiam
589 2712 702 2766 dracun·
788 2713 930 2767 5.Auxs'ls'a
941 2718 1150 2785 prestantissima.
1167 2717 1261 2771 Potior

184 2792 260 2845 culos
271 2795 388 2864 AEgypto
403 2791 565 2864 Arabiaque
584 2793 701 2864 peculia·
744 2792 838 2858 lectio,
847 2797 1043 2864 praesentissima.
1059 2795 1141 2848 Prnr.
