2925 5009
292 411 335 493 14
561 411 599 477 c.
625 410 793 481 romu
817 410 923 481 nar.
947 378 1075 479 'ursa

223 610 230 623 ,
287 543 481 615 latissimum
509 542 758 639 maximumque
785 540 920 613 folium:
941 539 1183 637 breviterque'⁹
1197 542 1361 612 indicium

286 666 336 721 est
356 650 488 738 odoris,
508 649 661 719 scabritia
674 650 817 719 corticis.
835 651 951 745 Caepio
967 649 1092 719 Tiberii
1105 650 1245 719 Caesaris
1266 650 1362 744 prin·

268 760 420 852 cipeto,
440 758 574 852 negavit
591 755 793 826 centifoliam
816 758 850 824 in
868 780 1009 825 coronas
1027 754 1121 843 addi,
1135 771 1361 852 praeterquam

252 881 270 945 4
288 877 453 935 extremos
462 864 486 890 ²⁰
496 860 588 940 ‚velut
604 862 645 931 ad
662 862 823 933 cardines.
842 862 914 932 Nee
926 862 1069 949 odore²¹,
1080 888 1142 931 nec
1155 864 1265 956 speeie
1279 888 1362 957 pro·

288 969 405 1040 babilis
424 984 489 1058 est,
508 993 582 1064 quae
601 972 718 1040 Graeca
739 967 926 1065 appellatur
942 994 962 1039 a
980 969 1119 1056 nostris,
1135 970 1296 1039 aGraecis
1310 966 1362 1064 ly·

290 1078 425 1162 obnis²²‚
442 1100 511 1147 non
529 1076 592 1145 nisi
608 1078 642 1145 in
651 1075 797 1146 humidis
806 1074 887 1146 locis
901 1077 1110 1172 proveniens,
1121 1100 1184 1145 nec
1197 1100 1361 1170 umquam

290 1183 451 1254 excedens
459 1184 606 1277 quinque
614 1180 710 1271 folia,
721 1181 884 1277 violaeque
891 1181 1131 1278 magnitudine,
1141 1180 1245 1251 odore
1254 1180 1362 1251 nullo.

290 1294 352 1360 Est
366 1305 400 1361 et
415 1287 477 1359 alia
490 1286 644 1359 Graecuta
657 1286 837 1385 appellata,
848 1288 1035 1360 convolutis
1049 1287 1204 1358 foliorum
1220 1288 1363 1383 panicu-

290 1396 329 1467 lis
338 1386 373 1482 ²³,
390 1421 454 1469 ner.
467 1394 640 1465 dehiscens
652 1397 715 1465 nisi
732 1419 833 1465 manu
849 1410 983 1482 coacta,
1001 1418 1197 1489 semperque
1210 1398 1363 1463 nascenti

291 1500 424 1589 similis,
440 1499 604 1571 latissimis
622 1499 716 1571 foliis.
740 1494 843 1571 Alia¹⁴
859 1502 1010 1572 funditur
1026 1526 1046 1571 e
1061 1500 1155 1571 caule
1169 1500 1363 1587 malvaceo,

291 1608 367 1679 folia
387 1607 468 1679 oleae
482 1608 639 1693 habente,
651 1597 879 1679 mosceuton²⁵
900 1623 1033 1679 vocant.
1060 1609 1170 1702 Atque
1191 1608 1277 1676 inter
1295 1607 1361 1677 has

334 1837 376 1887 ¹9·
386 1818 503 1871 Breviter.
513 1816 650 1894 Theopbr.
663 1806 695 1871 ds
710 1814 741 1872 di
755 1822 805 1880 τοῖς
846 1837 966 1873 rosernm
977 1837 1083 1889 genera.
1097 1818 1232 1871 Nostrates
1240 1828 1313 1870 certe
1320 1816 1362 1869 ob

291 1898 406 1969 μεγάλοις
416 1892 495 1953 statu
508 1900 608 1968 μᾶλλον,
629 1892 661 1951 ὧν
677 1899 757 1969 τραχὺ
774 1904 804 1951 τὸ
846 1898 1064 1961 similitudinem,
1083 1916 1162 1969 quern
1175 1897 1197 1950 is
1213 1895 1262 1949 flos
1276 1896 1363 1949 babet

292 1978 370 2031 adro.
386 2003 398 2025 ι
408 1976 579 2030 Odoratiores
590 1988 655 2030 sunt
667 1977 738 2030 inter
747 1996 803 2031 am·
846 1997 909 2031 cum
920 1974 1361 2051 rosa,lyehnidemrocant,passe·

292 2056 470 2130 plas,qnibus
481 2074 542 2127 pars
553 2056 607 2109 ima
624 2057 724 2111 scabra.
736 2084 748 2106 ι
766 2058 803 2110 ΙΙ.
846 2077 907 2111 ruse.
922 2057 1181 2117 Daue-Lyctia.
1191 2054 1362 2110 Dioscuridis

334 2156 378 2191 ao.
404 2138 540 2189 Extremas.
568 2136 648 2190 MSS.
668 2139 751 2209 Regg.
776 2149 804 2191 et
845 2137 904 2191 laec
913 2136 1055 2193 coronaris
1066 2136 1172 2208 lychnis
1183 2136 1305 2199 est,sise
1316 2154 1361 2190 se·

293 2215 375 2270 editio
390 2216 523 2288 princeps,
538 2228 665 2269 ertmmas.
677 2216 721 2270 Sic
734 2217 803 2271 Gra·
846 2218 909 2283 tiva,
922 2217 956 2271 de
969 2236 1021 2289 qus
1034 2208 1138 2270 ooncisa
1151 2217 1282 2269 brevitate
1290 2234 1361 2287 grm-

293 2296 353 2350 uius
367 2295 442 2368 apud
455 2296 576 2349 Nonium
588 2293 675 2349 dixit:
695 2322 706 2346 ι
722 2296 804 2351 Sonat
844 2316 893 2351 cns
905 2310 1011 2362 auctor,
1025 2298 1083 2361 ΙΙΙ,
1103 2302 1157 2359 art
1171 2314 1179 2347 ε
1196 2297 1284 2364 Δυχνὶς
1297 2316 1360 2349 στι-

293 2376 406 2448 impube
417 2374 498 2429 cardo
511 2376 591 2447 regin.
603 2400 614 2422 ι
625 2376 708 2430 Bnoa.
845 2377 1023 2450 praeparauit,
1036 2376 1107 2438 ἄνθος
1122 2376 1189 2429 leals
1203 2376 1283 2445 iperet
1302 2382 1360 2429 λευ-

335 2475 380 2511 s1.
394 2456 449 2510 Nec
462 2455 543 2507 odore.
557 2455 647 2507 Minus
660 2452 803 2509 commode
844 2458 913 2528 solo,
926 2459 1075 2527 tpedppupas
1094 2452 1142 2521 di,
1159 2456 1309 2526 etsso'pssos
1323 2456 1361 2517 sie

293 2534 368 2607 prius
378 2534 534 2607 legebatur,
547 2538 589 2586 n'ec
597 2536 684 2601 odore,
695 2556 738 2587 nec
748 2556 802 2605 spe·
843 2536 877 2591 τὶ
893 2537 1024 2607 saepsisse.
1034 2537 1127 2591 Hann.
1135 2568 1176 2581 ·-·
1189 2536 1361 2605 Agrostenussc

292 2618 328 2668 cie
337 2614 501 2688 probabilem,
511 2628 536 2666 et
552 2634 606 2685 qnoe
625 2614 729 2682 Graeca,
749 2628 802 2669 etc.
844 2620 972 2670 comantia
987 2607 1112 2686 (Deoend.
1124 2628 1191 2688 psat.
1205 2633 1266 2687 gen.
1281 2616 1358 2679 uss

293 2695 414 2749 oratione
423 2714 474 2748 nec
488 2694 548 2747 satis
561 2708 621 2765 apte
638 2696 803 2761 coherente,
844 2696 916 2751 Pers.
929 2697 1086 2768 Caryoplsrll.
1094 2696 1111 2749 J
1113 2684 1186 2763 use).
1198 2696 1252 2748 En.

294 2794 343 2828 nec
356 2793 416 2847 quae
430 2773 631 2828 similitudinem
650 2774 708 2828 veri
721 2774 803 2828 ullam
886 2778 932 2831 23.
948 2778 1082 2830 Perticalis.
1097 2773 1239 2847 Quidquid
1251 2774 1361 2829 sublon-

295 2854 399 2908 habeat.
413 2854 480 2919 Quis
494 2855 565 2905 enim
581 2852 743 2907 centifoliam
757 2873 803 2907 ro·
845 2877 878 2930 gn
889 2869 916 2911 et
927 2854 1094 2910 sobrotnnda
1111 2857 1199 2910 forma
1212 2866 1313 2921 tumet,
1327 2868 1359 2909 nt

295 2952 364 2998 sam,
378 2930 476 3005 deque
488 2932 804 3003 proximeanteasermo,
846 2938 967 2991 bicrosre
980 2937 1106 2990 foliorum
1122 2934 1262 3007 globulus,
1279 2934 1358 3006 pani·

294 3012 329 3066 ad
350 3031 431 3085 quam
462 3012 537 3083 prior
562 3012 697 3067 sententiaa
724 3013 805 3084 hujus
846 3017 906 3070 culs
921 3017 1078 3090 appelletur.
1093 3014 1183 3068 llsno.

295 3112 355 3163 pars
378 3092 543 3145 referebatur
566 3091 648 3159 olim,
672 3094 693 3145 si
717 3094 805 3146 minus
889 3103 936 3160 ²4·
962 3097 1032 3149 Atta.
1061 3096 1141 3148 Forte
1172 3095 1284 3158 althaea,
1303 3112 1359 3147 rose

294 3170 387 3237 odore,
403 3183 430 3225 nt
440 3172 528 3241 speeie
537 3172 644 3237 saltem,
655 3170 806 3244 quodcum·
847 3175 1018 3240 dentre-mer,
1028 3174 1075 3229 sed
1086 3176 1241 3247 peregrina,
1253 3176 1287 3227 ab
1296 3175 1359 3227 nni·

293 3272 346 3325 que
363 3251 472 3304 demum
489 3268 573 3321 genus
592 3250 661 3304 illud
676 3270 743 3305 roste
755 3252 806 3317 sit,
847 3254 916 3309 cauli
927 3255 1023 3319 malva,
1036 3253 1071 3308 de
1086 3273 1138 3327 qua
1149 3254 1268 3307 diximus
1276 3272 1358 3325 supe·

293 3332 428 3403 negaverit
433 3329 731 3385 essecommendabiletn
740 3350 806 3404 pro·
847 3334 920 3387 tiore
930 3334 1010 3399 libro,
1020 3333 1140 3398 diversa,
1152 3334 1202 3389 etsi
1215 3351 1359 3388 commune

293 3410 480 3487 habilemque?
494 3409 585 3463 flsan.
695 3422 702 3433 '
847 3432 947 3467 nomen
968 3414 1076 3485 utrique
1097 3415 1192 3485 vulgus
1219 3413 1357 3485 imposuit.

334 3512 382 3545 aa.
406 3490 521 3561 Lycluris.
544 3490 662 3555 Quidem
679 3488 804 3543 inodora·
847 3492 1101 3546 Vidimosinborto
1115 3493 1209 3563 Regio.
1222 3492 1359 3546 Brun.-

293 3583 347 3624 tam
363 3584 390 3625 et
402 3570 525 3641 pusillam
538 3588 626 3623 rosam
639 3571 749 3623 rubram
762 3570 805 3623 in·
847 3572 921 3626 Folia
930 3571 1150 3644 oleoe.Vet.spnd
1158 3572 1217 3626 Dal.
1229 3573 1296 3625 ulmi.
1303 3574 1356 3625 En.

293 3650 379 3704 dicari
403 3650 511 3711 volunt.
539 3668 600 3703 vere
621 3662 649 3703 et
675 3662 804 3703 autumno
888 3652 934 3706 25.
958 3652 1108 3705 Marcentes.
1139 3654 1172 3705 In
1198 3649 1357 3723 quibusdam

292 3728 469 3803 prodeuntem
479 3746 574 3800 ‚quesn
586 3729 666 3800 vulgo
677 3748 803 3783 vocamus
846 3730 925 3785 MSS.
940 3743 1072 3785 mercenses.
1085 3732 1120 3784 In
1138 3732 1196 3785 aliis
1207 3744 1302 3795 nectos.
1321 3731 1357 3784 ΙΙ.

293 3811 388 3862 Damas
398 3827 480 3879 rouge.
494 3808 547 3861 Alii
567 3807 723 3881 lychnidem
740 3810 803 3862 Dio-
845 3840 886 3853 -
903 3812 1053 3865 Mosesstos.
1075 3811 1138 3864 lisso
1157 3822 1230 3866 certe
1246 3830 1302 3863 non
1317 3822 1359 3865 est

291 3888 404 3943 scoridis
416 3888 581 3941 ooronariarn
595 3887 802 3955 herbam,flore
845 3891 872 3943 Is
891 3910 943 3945 rose
956 3891 1074 3944 meede.
1095 3891 1138 3943 Ex
1158 3890 1240 3945 Plinii
1260 3888 1359 3943 deseri·

290 3969 377 4035 violae,
386 3979 598 4039 purpurascentes
605 4006 613 4034 ,
628 3986 644 4021 a
658 3968 746 4021 Plinio
759 3968 801 4022 in·
845 3971 938 4042 ptione
950 3972 1041 4043 potius
1052 3968 1158 4023 videtur
1171 3989 1246 4033 esse,
1265 3970 1292 4022 la
1303 3988 1358 4021 rose

290 4048 444 4119 tempestive
464 4048 595 4101 recenseri
613 4060 709 4119 putant
730 4049 802 4103 inter
844 4051 1012 4117 doum-mer,
1034 4049 1068 4104 de
1088 4069 1139 4122 qua
1158 4054 1213 4122 jam
1231 4068 1293 4121 sup.
1308 4051 1356 4103 lib.
