2925 5009
218 460 271 563 C
309 458 545 563 PLINIl
579 456 921 569 SECUNDI

65 714 588 840 NATURALIS
625 718 1102 842 HISTORIAE

364 980 557 1069 Llnnn
603 980 769 1069 xxv.

260 1198 876 1235 m—-QOQ—--w-r

62 1355 106 1457 ll
120 1337 249 1457 .)l1>ss
273 1390 352 1461 quae
369 1390 460 1435 nunc
484 1364 612 1435 dicetur
629 1358 811 1435 herbarum
829 1362 976 1453 claritas,
991 1362 1100 1435 medi·
1122 1410 1134 1449 1

63 1471 124 1539 cine
140 1487 260 1542 tantum
283 1476 441 1567 gignente
458 1471 665 1559 castellare,
687 1474 721 1540 in
740 1470 991 1541 admirationem
1013 1495 1102 1542 curae

63 1578 215 1669 prisconrm
229 1578 475 1675 diligentiaeque
491 1580 638 1647 animum
654 1578 734 1673 agit.
751 1576 844 1647 Nihil
862 1602 943 1673 ergo
958 1580 1101 1649 intenta-

64 1694 116 1749 tum
137 1686 407 1780 inexpertumque
430 1682 493 1753 illis
512 1684 598 1753 fuit:
622 1682 707 1752 nihil
733 1681 852 1752 deinde
876 1682 1100 1769 occultatum,

65 1788 189 1883 qnodque
206 1816 274 1859 non
295 1789 454 1886 prodesse
474 1790 614 1885 posteris
632 1788 764 1859 vellent
789 1791 833 1857 At
851 1814 913 1858 nos
932 1788 1101 1860 elaborata

64 1890 301 1967 listbscondere
329 1911 428 1990 atque
454 1897 661 1990 supprimere
685 1896 855 1990 cupimus,
885 1908 920 1964 et
947 1896 1101 1965 fraudare

66 1998 158 2068 ritam¹
171 2004 268 2071 etiam
282 2002 398 2071 alienis
410 2002 515 2071 bonis.
531 2006 583 2071 Ita
595 2016 685 2071 certe
701 2000 909 2089 recondunt,
926 2004 982 2097 qui
995 2026 1102 2097 pauca

64 2100 147 2198 iliqua
169 2132 307 2195 novere,
330 2108 515 2177 invidentes
542 2105 639 2177 aliis:
663 2120 697 2177 et
719 2109 886 2177 neminem
913 2107 1051 2195 docere,
1067 2110 1103 2177 in

66 2213 281 2284 auctoritatem²
292 2214 438 2284 scientiae
452 2226 510 2283 est.
527 2216 671 2284 Tantum
688 2213 733 2282 ab
746 2213 973 2308 excogitandis
987 2215 1103 2302 novis,

67 2332 95 2382 tc
108 2315 238 2409 juranda
254 2324 329 2391 rita
352 2344 462 2389 mores
487 2320 626 2408 absunt,
652 2343 885 2413 summumque
906 2344 991 2415 opus
1009 2320 1102 2417 inge·

67 2420 170 2493 nionmi
190 2426 245 2496 diu
258 2429 330 2522 jam
348 2428 414 2497 boc
436 2426 516 2514 fuit,
542 2440 579 2495 ut
603 2426 692 2495 intra
719 2450 992 2521 unumquemque
1011 2442 1103 2498 recte

69 2520 134 2596 beu
156 2546 301 2603 veterum
334 2534 491 2629 perirent
523 2534 567 2601 At
592 2530 745 2602 hercules
769 2518 919 2625 singula³
940 2532 1101 2627 quosdam
1122 2587 1135 2619 2

68 2626 172 2705 inventa
189 2638 329 2709 deorum
353 2662 493 2708 numero
510 2636 686 2707 addidere:
701 2638 850 2708 omnium
870 2639 984 2733 utique
998 2640 1101 2709 vitam

71 2732 208 2813 tluiorem
227 2745 339 2815 fecere
368 2744 621 2839 cognominibus
648 2744 845 2830 herbarum,
867 2759 935 2813 tarn
960 2745 1102 2839 benigne

71 2846 177 2932 gratiam
196 2852 356 2922 memoria
384 2850 558 2920 referente.
586 2851 665 2919 Non
683 2874 775 2946 aequc
796 2850 868 2920 brec
888 2874 1102 2921 cumeorum

72 2948 132 3017 uim
142 2955 171 3021 in
183 2944 269 3042 hid,
285 2982 361 3052 quae
372 2971 445 3027 satu
453 2954 680 3041 blandiuntur,
695 2970 754 3026 aut
768 2956 843 3026 cibo
861 2956 1002 3025 invitant
1016 2982 1024 3025 t
1037 2956 1105 3027 cul·

71 3044 289 3157 mim⁵quoque
298 3065 461 3133 montium
479 3064 616 3133 inviset
630 3060 823 3133 solitudines
833 3061 976 3148 abditus,
986 3064 1104 3133 omnis

74 3176 206 3247 quetenae
219 3168 321 3239 fibras
334 3170 471 3239 scrutati
487 3170 660 3252 invenere,
679 3168 760 3263 quid
769 3192 908 3263 quaeque
921 3168 1015 3237 radix
1031 3168 1103 3263 pol·

101 3362 117 3415 l
139 3386 158 3421 r.
171 3370 294 3429 Fmodm
311 3378 399 3429 uitem.
422 3374 456 3429 Et
473 3374 545 3429 irru-
589 3374 688 3429 riorem
707 3374 810 3439 iecere,
831 3375 992 3446 cognomine
1011 3377 1102 3431 herbis

72 3434 120 3495 ἀΰ*
135 3446 243 3508 homino
263 3457 312 3529 qui
337 3456 447 3520 vivunt,
466 3455 547 3508 bonis
591 3454 686 3509 indito.
697 3454 733 3507 ll.
748 3487 789 3497 —
806 3454 920 3507 Omnium
936 3459 1026 3529 urique.
1040 3458 1105 3511 Pin-

74 3534 117 3585 l⁰⁸
130 3527 167 3581 elii
178 3531 306 3589 invenere.
320 3535 412 3589 llrnn.
592 3536 678 3587 tineus
690 3535 781 3605 script.
793 3534 882 3587 mallet
898 3535 1025 3590 leoninum.
1040 3536 1092 3595 Eo.

103 3619 123 3655 r.
135 3606 160 3657 ln
172 3618 340 3669 maturitatem.
355 3613 388 3667 ld
406 3614 547 3667 auctorite·
632 3619 659 3675 d.
674 3614 743 3668 Μῖνα
756 3617 782 3665 iu
791 3614 836 3667 tre.
846 3613 932 3668 Gron.
946 3627 973 3668 et
986 3614 1032 3668 Al.
1043 3628 1105 3670 rute

74 3684 245 3745 mondum
258 3694 376 3747 scientim
389 3692 504 3747 videtur.
513 3692 546 3745 11.
593 3691 676 3747 llrrd.
690 3696 752 3745 mim
765 3707 827 3745 esset
837 3698 871 3746 r'n.
881 3694 933 3747 En.

105 3757 125 3813 3·
134 3762 223 3836 Singula
233 3774 355 3845 quosdam.
369 3772 437 3837 Qum
451 3772 549 3849 singuli
636 3774 660 3825 5.
676 3772 727 3826 Sed
741 3774 862 3837 culmina,
876 3786 924 3826 etc.
937 3762 993 3843 (sic
1005 3773 1107 3845 prius).
1124 3824 1131 3836 .

76 3829 167 3897 boin„
185 3849 354 3916 invenerunt,
381 3850 508 3924 quoidam
534 3870 550 3903 e
595 3852 725 3905 Porticula
739 3852 783 3904 red
802 3851 831 3904 in
849 3854 924 3905 nullo
940 3866 980 3907 est
1003 3869 1108 3909 nostro-

77 3915 115 3967 ffllt
132 3922 297 3985 inventoribus
318 3932 346 3985 in
368 3930 480 3985 deornm
500 3950 550 3984 nu·
595 3950 665 3984 rum.
685 3931 870 4004 neclegenter
891 3933 919 3985 in
937 3933 1034 3987 talibus
1049 3952 1108 3989 erm

76 4006 153 4085 ”Qum
169 4004 303 4064 rddidere:
320 4010 443 4063 omnium
465 4022 551 4073 certe,
595 4010 681 4065 omitti
697 4010 792 4082 supine
813 4009 846 4063 ed
864 4012 970 4065 Livium
990 4025 1016 4065 et
1027 4014 1109 4067 Sene·

79 4086 112 4138 lm
124 4077 147 4131 in
159 4099 187 4135 eo
199 4089 385 4155 elaborarunt,
400 4090 479 4142 vitam
498 4090 551 4142 cle·
596 4108 654 4143 cem
666 4090 828 4143 monendum
841 4089 920 4143 'nobis
930 4092 1089 4149 luit-Giton.

138 4192 208 4262 VII.
957 4199 1005 4287 34
