2925 5009
428 442 589 513 LIBER
614 442 742 511 XXll.
1029 440 1114 513 ι205

72 572 135 641 tur⁷
148 588 178 643 ct
184 588 309 669 propter
323 574 464 669 spinam.
482 574 609 646 Folium
624 577 695 670 ejus
706 576 837 643 sinistra
852 564 985 669 decerpi
996 574 1117 669 jubent

70 681 161 797 Magi,
176 680 317 809 etpujus
335 706 434 751 causa
454 696 604 753 sumatur
622 681 706 767 dici,
733 680 946 775 tertianisque
967 680 1116 753 febribus

69 784 220 961 Ἢ
235 881 337 987 (xxi.)
356 896 417 963 Est
438 910 473 963 ct
486 895 553 965 'alia
574 892 696 964 herba'
720 894 858 989 proprio
875 892 1009 963 nomine
1031 918 1112 963 ono·
1136 926 1145 957 t

69 996 173 1086 ubiles,
188 1024 283 1093 quam
308 999 407 1095 aliqui
429 1002 610 1071 anchusam
635 1014 776 1085 vocant,
796 999 851 1069 alii
868 998 1039 1084 arcebiou,
1057 1000 1112 1069 alii

68 1104 249 1193 machalim,
269 1104 369 1200 aliqui
384 1106 554 1192 rhexiam,
577 1104 672 1177 multi
690 1102 899 1184 anchusam,
918 1130 1025 1201 parvo
1043 1105 1111 1175 fru-

70 1197 145 1295 tioe³‚
161 1212 239 1281 flore
254 1238 440 1309 purpureo,
457 1214 582 1309 asperis
602 1212 691 1283 loliis
706 1226 741 1283 et
758 1214 877 1296 ramis,
899 1211 1010 1283 radice
1029 1236 1113 1283 mes-

68 1304 359 1413 sibus⁴sanguinea,
376 1334 497 1391 cetero
511 1322 618 1415 nigra,
629 1322 662 1390 in
681 1316 843 1389 sabulosis
861 1342 1024 1415 nascens,
1037 1319 1109 1388 effi-

68 1408 130 1491 rar⁵
146 1440 258 1495 contra
281 1441 469 1520 serpentes,
487 1428 695 1520 maximeque
717 1426 868 1520 viperas,
891 1439 925 1495 et
946 1424 1056 1493 radice
1074 1426 1112 1495 'et

69 1528 154 1625 loliis,
179 1556 272 1627 aque
296 1532 373 1603 cibo
399 1555 439 1601 ac
461 1547 554 1628 potu.
577 1534 677 1603 Vires
703 1530 805 1601 habet
827 1531 998 1601 messibus.
1023 1530 1114 1601 Folia

70 1638 128 1705 trita
142 1636 275 1707 odorem
295 1640 481 1707 cucumeris
503 1638 656 1708 reddunt.
680 1640 791 1709 Datur
810 1638 844 1705 in
863 1636 991 1731 cyathis
1010 1638 1114 1707 tribus

70 1740 148 1813 ruha
173 1744 376 1839 procidente.
398 1744 493 1815 Pellit
511 1759 544 1813 et
570 1728 700 1814 tineas⁶
725 1768 802 1813 cum
830 1743 986 1838 hyssopo.
1008 1747 1052 1813 Et
1080 1746 1147 1813 ins

70 1846 161 1919 dolore
182 1876 300 1920 renum
322 1866 380 1919 aut
398 1852 554 1944 jocinoris
571 1876 612 1921 ex
630 1874 715 1945 aqua
732 1848 859 1931 mulsa,
879 1850 906 1919 si
928 1849 1028 1920 febris
1049 1852 1112 1919 sit:

71 1954 216 2041 dualiter,
239 1982 281 2033 er
302 1958 383 2027 vino
402 1958 536 2028 bibitur.
559 1956 741 2051 Lentigini⁷
760 1981 799 2025 ac
816 1954 918 2050 lepris
936 1955 1029 2025 radix
1047 1954 1113 2025 illi-

73 2061 147 2130 uitur.
172 2064 343 2133 habentes
361 2050 465 2147 earn⁸,
487 2088 505 2131 a
526 2062 735 2158 serpentibus
758 2061 850 2131 feriri
867 2078 1040 2158 negantur.
1054 2066 1115 2131 Est

75 2236 252 2303 mdnebasa
278 2238 390 2293 odorem
407 2239 555 2311 significet,
598 2240 746 2313 enchrysass.
761 2238 980 2313 ΕΔΜ-Περ.
999 2260 1013 2294 s
1035 2245 1113 2293 escri-

74 2318 236 2390 qttisu'pmtcs
247 2321 333 2391 fuget.
341 2320 385 2374 Sic
393 2320 463 2373 idem
476 2320 553 2374 alibi:
599 2340 659 2373 sarrs.
677 2320 750 2373 Brut.
764 2319 911 2391 enchrysarss.
925 2322 978 2374 En.

77 2396 157 2467 ·anns
176 2399 253 2453 radix
279 2400 371 2453 evulsa
395 2401 469 2453 virus
488 2400 555 2455 hirei
642 2399 668 2453 3.
680 2399 762 2451 Porro
770 2400 879 2465 frutice,
892 2402 959 2473 flore
974 2420 1112 2471 purpureo,

77 2474 160 2533 rnlolst.
174 2504 184 2527 ι
200 2480 294 2533 llario.
601 2483 691 2551 asperis
712 2480 792 2547 soliis.
825 2477 924 2533 lisdem
950 2480 1030 2551 plane
1056 2499 1114 2535 scr·

106 2574 127 2625 7.
137 2558 231 2615 Bibr'tur.
249 2557 293 2612 Ad
305 2558 388 2629 spinas
401 2556 520 2623 dolores,
529 2572 557 2614 ct
601 2559 658 2623 bis,
677 2560 801 2629 notisque
818 2575 832 2609 s
847 2558 1005 2614 Dioscoride
1015 2558 1113 2613 descri-

77 2634 220 2692 lnubornrn:
240 2637 413 2691 Dioscorides
434 2639 485 2692 loc.
512 2640 558 2693 cit.
604 2640 687 2703 bitur,
697 2639 749 2701 1v,
763 2644 809 2701 sq.
821 2636 911 2691 ilino.

78 2716 135 2769 llniss
152 2713 178 2771 δὲ
195 2719 235 2773 sul
258 2720 348 2789 ὀσφύος
368 2718 480 2789 ἄλγημα,
502 2727 559 2789 μετ’
644 2725 671 2783 4.
682 2718 809 2771 Messibrrs.
820 2716 880 2770 Hoc
890 2731 939 2785 est,
949 2719 1040 2771 messis
1049 2731 1114 2773 tens·

79 2796 124 2847 tm
137 2803 252 2869 tsptsisrs.
271 2798 367 2852 Hans).
603 2817 685 2869 pore,
707 2797 762 2869 srspl
784 2800 825 2850 ris
849 2801 1008 2870 supspsrbs,
1028 2799 1114 2871 inquit

108 2876 128 2927 Β.
139 2878 281 2949 Adsdr'pnrs'.
295 2878 383 2931 Gron.
397 2890 424 2931 ct
438 2877 484 2931 ΔΙ.
496 2891 558 2932 ante
604 2876 693 2931 Diosc.
704 2877 721 2928 l.
736 2895 761 2930 c.
773 2876 864 2930 Hann.

80 2950 140 3007 llud.
149 2958 246 3028 alligari.
261 2960 318 3013 En.
643 2958 670 3013 5.
685 2955 794 3027 Efficax.
813 2956 902 3010 Diosc.
920 2957 972 3013 loc.
992 2958 1113 3011 niteam

108 3034 293 3093 xxv.1.Atn
309 3038 382 3089 herba
398 3040 498 3108 proprio
516 3056 558 3089 rso·
602 3034 739 3091 Nicandro
757 3036 786 3089 in
800 3036 882 3091 Ther.
900 3056 960 3109 pag.
978 3040 1115 3107 60‚cujus

82 3116 125 3163 ¹5!
135 3118 253 3183 mollin,
270 3130 324 3171 etc.
339 3115 490 3170 Dioscorid.
507 3116 558 3181 IV,
603 3116 770 3169 Scholiasten
785 3115 847 3169 ride
858 3136 919 3188 pag.
934 3118 979 3170 38.
995 3116 1038 3169 sic
1052 3134 1112 3169 cum

84 3186 238 3266 udatus«
251 3198 341 3268 lrlpn,
360 3199 389 3255 ἣν
411 3198 467 3250 istos
489 3196 558 3251 ἀλκι-
603 3196 692 3249 Diosc.
713 3192 826 3249 totidem
845 3196 930 3249 serbis
946 3196 1041 3249 Galen.
1061 3198 1112 3249 loc.

82 3266 449 3347 hiirmfflisazarhiclxnhscus.
463 3276 559 3329 lnNo·
602 3276 647 3329 cit.
664 3276 756 3329 Hsan.
897 3332 900 3337 ,

83 3350 121 3405 this
132 3354 233 3415 additur,
247 3358 268 3411 si
285 3358 329 3428 pls
340 3356 559 3427 uenustissimi
648 3360 675 3411 6.
688 3356 765 3407 Pelas
778 3367 803 3407 st
815 3359 900 3419 tineas,
911 3366 963 3409 etc.
976 3354 1035 3407 Hoc
1049 3374 1113 3407 vero

83 3426 105 3482 ll
117 3433 253 3502 indutam.
269 3437 364 3491 Galen.
378 3434 413 3489 de
428 3436 489 3489 Fac.
500 3435 560 3500 vt,
604 3434 693 3489 Diosc.
708 3436 760 3501 IV,
780 3436 833 3498 25.
846 3434 881 3488 dc
897 3435 1013 3488 sncbusa
1032 3434 1113 3487 altera

84 3519 176 3581 pstp:
195 3518 210 3574 sl
222 3518 348 3585 ὂνόχιιλος.
364 3516 397 3569 Et
411 3515 480 3569 hanc
489 3514 559 3569 Galli
603 3513 733 3586 prodidit,
744 3532 827 3588 qnam
836 3516 938 3569 Plinius
947 3533 1008 3567 mox
1017 3512 1113 3567 descri-

86 3590 211 3647 Omnes·
223 3609 324 3651 vocant.
344 3596 466 3666 Pingitur
481 3596 559 3649 aLo·
603 3595 657 3648 bet.
672 3595 789 3649 Galenus
800 3613 918 3668 quoquc,
930 3594 982 3655 loc.
995 3595 1041 3648 cit.
1052 3613 1112 3665 pap.

84 3668 145 3723 bellio
161 3674 186 3729 in
200 3674 263 3729 dds.
275 3694 335 3747 pag.
352 3678 419 3739 248.
435 3674 559 3727 Vidimus
607 3675 670 3729 1⁵0.
683 3676 775 3729 Haan.

85 3748 190 3809 iaborto
213 3756 301 3827 Regio.
320 3755 356 3809 fl.
374 3787 414 3799 -
438 3754 559 3809 Auchusa
645 3756 811 3825 plentigs'ai.
828 3754 922 3809 Galen.
936 3752 1113 3807 loc.cit.siti-

85 3830 176 3885 mida
188 3834 332 3889 Dioscorid.
346 3835 426 3889 nobis
441 3836 558 3889 Ancum
602 3833 696 3904 ligini,
712 3834 847 3907 leprisque
860 3832 945 3887 dixit:
967 3833 1055 3903 ἀλφοίις
1070 3836 1113 3885 καὶ

89 3910 188 3977 heora,
208 3914 273 3967 lanis
295 3914 442 3971 inficiendis
466 3915 559 3967 utilior
603 3916 787 3987 impulisset.
803 3915 896 3969 liano.

88 4004 147 4057 qun
158 3990 294 4063 medicinis.
307 3996 356 4049 En.
646 3994 672 4047 8.
683 3994 807 4047 Habentes
818 4014 885 4059 eam,
896 4006 946 4047 etc.
961 3993 1050 4046 Diosc.
1063 3992 1116 4045 loc.

119 4087 140 4121 s.
160 4071 227 4125 hlslh'
246 4075 376 4129 seclusam.
395 4077 428 4129 In
454 4072 562 4139 Iudice,
608 4074 653 4129 cit.
668 4076 761 4129 llario.
