2925 5009
368 442 435 538 178
528 444 795 513 EXCURSUS
821 446 878 513 lll
911 446 980 513 DE
1004 446 1130 513 HOM.
1158 446 1264 516 NEP.

363 566 421 636 ipse
437 564 543 619 'l'ullius
553 564 676 619 edoceret
688 584 695 617 s
707 582 769 617 uam
785 578 894 618 eatenus
908 566 998 639 culpat
1011 566 1153 638 Epicurum
1161 606 1169 630 ‚
1178 580 1304 638 quatenus
1314 587 1355 640 pro
1363 568 1397 621 so·

362 652 462 707 eradeo
488 653 580 706 libello
601 641 779 724 acipenserem
800 652 863 715 det,
884 665 909 707 et
931 654 1052 707 hortetur
1077 656 1165 727 potius
1188 656 1221 709 ad
1245 656 1398 729 hydraulicum

362 740 566 814 symphoniam,
583 758 664 813 quam
683 739 718 793 ad
737 741 855 794 Platonis
869 739 1003 814 dogmata.
1021 730 1077 809 Qui
1089 756 1175 797 autem
1187 744 1313 809 Socratico
1326 743 1398 814 plenus

361 846 459 900 grege,
471 827 569 882 divine
582 828 758 900 philosophie
772 829 931 900 purissimos
949 829 1039 883 latices
1054 830 1188 893 hauserit,
1202 833 1265 886 huic
1277 842 1300 885 et
1315 828 1400 901 conquir

360 920 479 974 citissimi
491 920 649 993 cihi,atque
660 921 749 973 omnis
761 919 914 993 hujusmodi
928 922 1072 995 voluptatis
1088 923 1273 995 contemplatio
1284 922 1400 979 sdahstu·

359 1008 478 1079 gendum
499 1010 600 1063 luctum
617 1010 752 1081 potissima
768 1023 793 1062 et
807 1011 953 1063 necessaria
967 1011 1177 1066 medicamenta:
1190 1032 1239 1067 nec
1247 1013 1335 1067 frustra
1344 1008 1399 1065 istud

359 1098 470 1151 Homeri
491 1099 665 1171 pharmacum
692 1098 893 1171 Epicurostoica
917 1111 1094 1172 temperatura
1120 1102 1276 1155 concinnari
1292 1102 1400 1161 distem

358 1204 420 1238 nam
432 1203 481 1239 nec
495 1184 611 1239 ἀπάθειαν
628 1196 653 1237 et
667 1196 803 1257 stuporem
818 1184 900 1236 animi
914 1204 975 1238 curn
993 1184 1086 1239 Stoicis
1097 1188 1219 1240 absolute
1230 1188 1338 1259 precipit
1348 1226 1354 1249 ‚
1363 1202 1400 1237 uec

358 1277 478 1329 enervari
491 1276 692 1349 voluptatibus,
712 1297 743 1330 uc
763 1278 836 1330 molli
851 1278 945 1331 inertia
962 1277 1080 1332 diffundi
1102 1280 1240 1351 permittit.
1261 1280 1293 1333 Et
1311 1280 1354 1331 hac
1370 1296 1400 1328 ra·

357 1365 430 1420 tione
440 1364 560 1418 devitatis
571 1366 720 1419 alterutrius
735 1380 812 1420 sectae
825 1367 907 1429 vitiis,
918 1386 1000 1439 super
1012 1387 1091 1422 omne
1102 1370 1233 1441 sapientiae
1244 1371 1340 1423 culmen
1351 1366 1400 1421 eni·

357 1454 527 1509 neminimus
540 1466 617 1527 poeta
635 1473 725 1508 veram
740 1456 766 1507 in
779 1456 822 1509 his
838 1456 936 1510 morbis
950 1456 1128 1530 humaneque
1145 1460 1205 1512 vitae
1219 1457 1401 1513 convenientissi·

357 1562 430 1596 mam
448 1542 607 1597 medicinam
628 1542 776 1597 adiuvenit.
786 1544 820 1597 Et
830 1544 1059 1617 quemadmodum
1076 1546 1163 1611 Plato,
1175 1546 1210 1601 de
1223 1547 1309 1619 Legib.
1320 1546 1357 1599 lib.
1367 1544 1399 1605 ll,

357 1631 569 1701 compotationes
586 1645 613 1685 et
626 1632 737 1685 choreas
753 1632 842 1685 Liberi
856 1632 937 1705 patria
955 1633 1006 1687 rub
1023 1632 1207 1689 moderatione
1218 1636 1279 1707 legis
1291 1634 1400 1687 coercuit:

358 1732 407 1783 ut,
420 1716 509 1772 hahita
523 1721 624 1773 ratione
637 1720 833 1791 temperantias,
852 1738 896 1773 ear
908 1738 962 1773 uon
976 1720 1060 1775 modo
1069 1720 1292 1777 commendabiles
1301 1760 1308 1785 ‚
1318 1720 1401 1776 sedati·

357 1808 395 1862 les
413 1822 439 1863 et
454 1798 617 1863 necessarius
630 1808 743 1872 iecerit3
760 1808 798 1861 ita
812 1810 834 1861 si
852 1826 905 1860 nou
925 1808 1012 1862 effuse
1026 1819 1052 1862 et
1068 1812 1225 1874 temerarie,
1243 1816 1287 1871 sed
1300 1832 1326 1867 ea
1340 1812 1402 1883 hujus

356 1896 493 1969 pharmaci
512 1896 669 1967 prescripto
685 1913 811 1947 sensuum
829 1895 1009 1967 uoluptatibus
1019 1898 1080 1969 quis
1098 1910 1202 1964 utatur,
1216 1902 1293 1975 longe
1309 1902 1370 1955 abal
1380 1906 1401 1948 ul

356 1985 513 2040 insanientis
528 1982 638 2057 Epicuri
650 1983 787 2054 sapientie
812 1982 992 2048 insimuletur,
1012 2004 1096 2057 quum
1110 1988 1200 2041 omnia
1215 1990 1249 2044 sd
1264 1992 1401 2043 sinusene

356 2073 600 2141 rectarmrstiouern
614 2070 786 2142 dirigantur,
800 2090 888 2144 neque
905 2072 934 2125 iu
947 2072 1000 2127 alia
1019 2092 1048 2127 re
1062 2077 1164 2147 majora
1180 2088 1206 2131 et
1230 2077 1346 2132 solidiora
1359 2076 1401 2147 eju!

357 2160 536 2225 adminicula,
553 2172 583 2213 ut
599 2158 680 2232 plane
695 2163 750 2230 jam
763 2160 886 2231 ruperint
904 2159 1126 2215 demonstratum.

394 2248 451 2301 lloc
469 2248 551 2319 igitur
569 2246 748 2309 medicamen,
763 2259 861 2318 quotus
875 2248 988 2321 quisque
1000 2248 1050 2301 sihi
1065 2251 1144 2323 sapit,
1153 2256 1299 2325 repositum
1312 2253 1335 2306 iu
1345 2268 1401 2305 men·

356 2337 390 2389 tis
403 2335 584 2409 myrothecio,
604 2354 711 2387 summo
723 2336 813 2389 studio
832 2336 922 2413 colere
933 2348 958 2389 et
978 2356 1138 2393 conseruare
1151 2340 1249 2407 debet,
1262 2355 1290 2395 ut
1305 2339 1401 2415 quaudo·

356 2442 555 2497 cumqueopus,
564 2435 591 2476 et
599 2436 638 2475 est
646 2442 710 2476 saue
718 2424 931 2496 perfrequenter,
942 2442 973 2476 es
982 2429 1037 2497 q'us
1047 2426 1122 2499 copia
1130 2426 1271 2500 depromat
1281 2429 1313 2483 ad
1322 2440 1400 2502 pectus.

357 2528 437 2589 atque
458 2514 664 2586 praesentissimo
679 2512 801 2567 subsidio
820 2514 956 2585 ingruenti
975 2527 1098 2569 occurrat
1116 2516 1286 2587 infelicitati,
1298 2533 1324 2573 ut
1339 2516 1402 2585 nap'a

356 2598 466 2653 elusisse
482 2596 603 2651 rideatur
619 2598 735 2651 iortuun
750 2598 846 2659 ictum,
863 2616 944 2669 quum
960 2597 1063 2652 vulneri
1081 2598 1242 2657 medicinam
1259 2605 1349 2657 fecisse.
1368 2598 1400 2651 Et!

356 2686 469 2759 quidem
481 2685 516 2739 ita
530 2697 624 2738 natura
641 2696 843 2757 mperatum,
872 2698 900 2739 ut
914 2685 1070 2739 bominibus
1081 2706 1131 2742 nec
1146 2704 1281 2763 perpetue
1293 2691 1365 2745 adsint
1374 2688 1401 2741 le

356 2775 484 2837 licitstes,
500 2793 551 2827 nrc
567 2785 716 2845 perennent
738 2774 893 2827 infortunia.
918 2774 1059 2847 Lucrymas
1083 2779 1265 2835 consolatione
1282 2778 1400 2834 auocari,

356 2876 529 2935 extremaque
545 2860 640 2933 gaudia
650 2862 766 2915 luctibus
778 2861 846 2915 dilui
856 2860 971 2915 vidimus
982 2902 990 2929 ‚
1001 2882 1084 2936 quum
1097 2865 1236 2937 anpiter,
1256 2882 1284 2923 ut
1301 2881 1334 2921 est
1347 2860 1401 2938 spui

356 2952 502 3004 Homerum
520 2948 599 3003 llisd.
613 2950 715 3006 XXIV.
733 2949 803 3001 binis
818 2948 917 3013 doliis,
933 2969 992 3022 qun
1005 2952 1150 3025 promptim
1164 2954 1199 3007 ad
1223 2976 1313 3011 munus
1328 2955 1399 3013 habel»

355 3042 428 3095 bons
445 3040 570 3112 malaque
585 3037 737 3093 distribuat.

393 3130 487 3201 ltaque
504 3129 531 3182 in
553 3126 698 3181 afflictione
720 3126 894 3192 animorum,
916 3147 1085 3203 quacumque
1108 3128 1143 3185 de
1159 3150 1256 3197 causa,
1270 3131 1358 3185 nedum
1374 3128 1400 3181 ob

356 3218 555 3272 carissimorum
568 3215 691 3278 obitum,
711 3216 746 3267 sd
769 3234 818 3269 nos
836 3216 959 3287 ingruat,
973 3236 1076 3270 summa
1096 3217 1202 3273 solertia
1222 3218 1362 3274 enitendum
1373 3226 1400 3268 est

356 3324 416 3361 eam
429 3325 551 3361 evomere
563 3317 645 3377 atque
656 3303 776 3358 funditus
790 3304 949 3377 exstirpare,
963 3324 1013 3361 nec
1027 3324 1090 3359 cum
1105 3310 1212 3363 vesanis
1229 3310 1337 3382 ingeniis
1352 3320 1400 3360 ten·

355 3396 430 3470 poris
447 3410 473 3451 et
490 3397 601 3449 ionuun
617 3394 742 3447 melicis
756 3408 918 3465 exspectare.

390 3482 591 3538 Recurrendum
604 3483 686 3554 igitur
702 3481 738 3535 sd
755 3482 917 3543 Homerum,
927 3501 962 3535 ex
975 3500 1044 3554 quc,
1063 3502 1106 3537 me
1119 3487 1264 3555 precioso
1277 3485 1400 3545 monitore,

355 3573 408 3627 hoc
421 3572 588 3626 utilissimum
601 3582 627 3624 et
638 3568 795 3624 admirabile
805 3568 953 3642 nepenthes
965 3570 1081 3625 haurito.
1098 3570 1149 3626 Sed
1161 3575 1269 3647 priuset
1278 3588 1368 3646 semper
1374 3566 1399 3621 ad

355 3662 389 3713 Ι).
397 3660 432 3715 0.
446 3662 486 3714 tt.
500 3662 614 3717 mustis
622 3648 766 3723 innuas,
775 3657 895 3729 corporis
906 3657 1053 3731 animmque
1066 3658 1258 3719 incolumitatis
1269 3674 1383 3717 auctorem
1393 3674 1399 3707 :

510 3770 635 3816 Pharnace
646 3776 786 3815 cunctorum
795 3770 903 3831 luppiter
917 3782 977 3815 unus
989 3768 1066 3815 babet.

512 3847 568 3905 zris<
579 3844 677 3897 ederus
688 3844 760 3904 αὐτὸς
774 3844 892 3915 pa'ppuasu
906 3850 990 3914 μοῦνος
1007 3844 1067 3910 Ιχιι.

352 3958 432 4026 Quod
451 3957 522 4011 idern
532 3968 622 4009 noster
635 3956 703 4009 dixit
716 3954 858 4011 Homerus.

689 4090 1080 4127 ——---§00·-—-—-
