2925 5009
419 466 576 534 LIBER
601 464 749 533 XXIII.
1042 456 1117 531 313

69 593 247 666 lirmitatem.
265 599 495 691 lmpouuntur
513 594 592 667 lolia
605 611 641 665 et
657 592 871 690 paronychiis
881 578 904 678 ⁵,
921 607 956 663 et
969 590 1115 661 carbun-
1137 620 1151 653 2

67 700 153 787 culis,
172 717 205 771 et
224 717 344 773 contra
366 727 501 773 omnem
522 702 751 773 collectionem
770 723 848 769 cum
867 700 964 767 vino:
985 700 1023 767 iis
1036 722 1117 767 vero

66 830 128 899 quar
152 808 328 902 purganda
355 824 453 894 sunt,
481 834 560 877 cum
585 806 695 877 melle.
727 808 914 875 Miscentur
940 802 1116 874 oculorum

52 899 318 984 ¹medicatnentis⁶
333 940 342 981 τ
357 929 392 983 et
406 913 584 984 decoctum
601 913 776 996 foliorum,
791 926 825 981 et
840 936 959 983 succus
973 909 1115 980 oleastri.

65 1016 196 1087 lln'liter⁷
213 1022 320 1089 etiam
340 1020 476 1089 auribus
496 1019 675 1089 instillatur
691 1044 768 1089 cum
791 1015 907 1105 melle,
928 1014 983 1086 vel
1007 1018 1032 1085 si
1053 1039 1117 1112 pus

65 1121 170 1191 ellluat
185 1124 284 1194 Flore
306 1124 440 1195 oleastri
452 1125 685 1221 condylomata
704 1123 888 1209 illinuntur,
906 1137 940 1191 et
956 1122 1112 1216 epinycti³

64 1224 123 1313 ὥς
136 1232 211 1299 item
225 1256 309 1301 cum
329 1231 435 1301 farina
452 1232 637 1302 hordeacea
652 1216 798 1317 venter⁸,
811 1229 844 1299 in
858 1228 1114 1297 rheumatismo:

52 1354 125 1412 {uun
141 1334 230 1424 oleo,
251 1340 372 1432 capitis
386 1337 520 1408 dolores
527 1337 550 1405 ⁹.
573 1341 694 1407 Cutem
707 1334 732 1359 ¹⁰
750 1338 784 1403 in
802 1336 910 1429 capite
925 1334 968 1403 ab
986 1334 1116 1403 ossibus

62 1441 248 1513 recedentem
268 1442 426 1513 cauliculi
443 1441 591 1530 decocti,
604 1457 727 1515 etcum
742 1439 838 1511 melle
857 1441 1004 1535 impositi
1023 1464 1116 1508 coru-

52 1547 198 1637 ptimuut,
215 1551 268 1619 Ex
284 1546 431 1619 oleastro
446 1551 569 1619 maturi
581 1552 616 1617 in
628 1549 704 1619 cibo
723 1548 847 1642 sumpti
859 1547 979 1616 sistunt
993 1543 1117 1613 alvum.

62 1651 297 1725 Tusti¹¹autem
314 1668 442 1725 etcum
460 1654 557 1723 melle
574 1656 659 1741 triti,
678 1676 796 1723 nomas
816 1666 1016 1747 repurgant,
1039 1673 1116 1721 car-

52 1752 205 1829 bunculos
223 1774 400 1855 rumpunt.
1072 1796 1077 1805 ·

104 1866 260 1934 XXXIX.
274 1865 355 1935 Olei
368 1880 522 1936 naturam
537 1890 718 1959 causasque
732 1864 863 1935 abunde
878 1863 1019 1932 diximus
1028 1860 1048 1931 Ι.
1064 1862 1116 1931 Ad
1136 1892 1147 1927 r

67 1966 240 2041 medicinam
259 1996 306 2041 ex
326 1970 392 2063 olei
409 1972 586 2065 generibus
605 1972 677 2045 baec
698 1972 875 2066 pertinent.
897 1966 1119 2038 Utilissimum

65 2170 222 2241 QSereuus,
242 2196 303 2250 cap.
317 2197 364 2244 xv,
388 2176 557 2233 dedentium
602 2179 673 2234 Ptin.
685 2180 745 2231 vet.
762 2180 818 2243 111,
835 2198 879 2233 aa.
898 2176 972 2245 Quid
986 2178 1021 2233 sit
1033 2196 1116 2250 porro

65 2251 132 2316 vitio,
151 2274 175 2325 p
193 2256 266 2323 133,
287 2277 347 2311 arn
374 2260 428 2311 rim
450 2277 558 2331 quoque
601 2259 669 2313 eutis
688 2258 814 2312 recedens
833 2258 867 2311 ab
885 2259 1007 2322 ossibus,
1030 2258 1117 2315 Mare,

67 2333 325 2389 mmducatornm
338 2337 465 2402 foliorum
477 2357 558 2392 urceo
603 2340 682 2409 Emp.
703 2357 726 2390 e
752 2356 789 2402 rr,
806 2356 833 2409 p.
858 2345 912 2403 ta,
929 2338 1003 2393 hunc
1026 2338 1116 2405 locum

66 2412 185 2466 mouit:
204 2437 216 2459 ι
231 2415 345 2469 Manem
363 2417 428 2471 item
449 2416 559 2489 prodest
601 2418 780 2472 muscribene
793 2436 848 2470 non
868 2416 1012 2482 intellexit,
1031 2435 1115 2489 quum

67 2491 247 2547 munster
257 2496 367 2548 acerbis.
383 2521 395 2543 ι
413 2497 505 2551 Haun-
516 2528 558 2546 -·
601 2498 705 2568 putarit
716 2516 772 2550 esse
781 2497 910 2551 nimirum
919 2509 1007 2551 cutem
1019 2497 1046 2550 in
1058 2498 1116 2551 rul-

70 2566 304 2638 &mamere
315 2574 399 2628 Grou.
408 2589 436 2629 et
442 2578 484 2629 Al.
497 2590 559 2637 ente
600 2577 712 2639 neribus
724 2577 785 2649 plus
805 2595 881 2649 teqno
899 2588 1093 2637 excrescentem
1106 2594 1113 2629 :

68 2644 131 2699 aare
145 2673 155 2694 ·
169 2652 266 2705 Oleum
280 2667 369 2707 tamen
382 2656 469 2709 acrius
478 2668 557 2728 atque
603 2682 615 2705 ·
626 2656 740 2709 Oleastri
748 2694 756 2721 ,
768 2656 873 2727 inquit,
884 2656 1007 2709 cauliculi
1017 2656 1117 2719 teneri,

69 2724 196 2784 tuatim
211 2744 238 2784 et
256 2752 288 2785 oe
305 2752 413 2805 quoque
431 2736 558 2788 colluitur
600 2733 720 2800 decocti,
734 2747 761 2788 et
777 2735 856 2799 melle
872 2735 1007 2806 impositi,
1025 2754 1116 2789 carnee

69 2802 140 2860 Μ
149 2808 266 2864 dentium
275 2812 467 2866 infirmitatem.
479 2839 491 2859 ι
505 2816 557 2869 En.
600 2832 682 2885 supra
689 2815 779 2868 oscula
789 2815 818 2867 in
826 2815 985 2869 vulneribus
992 2816 1117 2887 quaelibet

101 2887 122 2939 ⁵.
132 2889 350 2959 lupomtwsole'a
358 2904 384 2943 et
390 2895 557 2963 paronychiis,
600 2894 746 2965 probibent
757 2912 938 2947 excrescere.»
956 2894 1043 2947 Diose
1058 2913 1116 2949 rem

72 2967 184 3020 ttePliu.
197 2970 258 3022 vat
273 2970 330 3028 111,
350 2972 394 3025 25.
410 2971 500 3027 Hercu.
599 2974 741 3045 perspicue
764 2986 791 3026 et
815 2986 907 3044 aperte
934 2974 1057 3043 explanat
1085 2974 1115 3041 1,

99 3046 258 3101 &Murmur
266 3051 387 3103 oculorum
400 3052 558 3105 mediamn-
605 3053 671 3122 137,
690 3052 738 3106 ubi
762 3050 797 3105 de
819 3053 925 3107 oleastri
946 3054 1018 3107 soliis
1041 3072 1048 3107 ε
1068 3054 1114 3108 Σίν

72 3123 414 3198 rt.1)ioeet,137.11no.
601 3134 694 3203 μίλιτι,
719 3131 822 3203 inquit,
849 3135 1061 3187 καταπλασθίντι
1084 3126 1115 3187 dl

101 3220 123 3272 7.
144 3205 246 3261 Utiliter.
258 3208 343 3261 Diosc
361 3209 415 3264 l.e.
431 3211 524 3265 Haeo.
600 3207 683 3283 δέρμα
694 3217 800 3287 erpo-titt
816 3212 975 3266 ἀποσπασθὲν
991 3220 1116 3283 erepant·
1234 3248 1236 3255 ·
1300 3206 1304 3215 ’
1410 3190 1411 3197 i

102 3282 236 3352 Uerta,
254 3292 279 3339 ia
296 3289 470 3343 mamaeam.
488 3291 558 3343 Sub-
598 3294 641 3359 λᾷ.
659 3318 670 3340 ι
685 3292 755 3345 Cum
770 3290 848 3343 melle
860 3291 982 3361 imposita
996 3304 1116 3345 enteme

72 3357 183 3434 blellige,
194 3365 315 3433 illinitur,
326 3368 354 3421 iu
367 3370 485 3422 lluxione
494 3368 555 3421 uvi.
600 3370 810 3442 cepiteevulsam
818 3370 990 3441 agglutinant.
1003 3396 1014 3418 ι
1025 3372 1115 3437 Quam

71 3436 140 3493 Dicte
153 3442 170 3494 L
185 3463 207 3496 e
222 3446 303 3498 Φύλλα
317 3447 359 3500 eal
372 3448 413 3502 ret
426 3450 556 3510 κοιλιακοῖς
599 3450 656 3502 rirn
678 3462 704 3503 et
726 3468 820 3503 eorum
842 3468 922 3503 succo
945 3470 976 3503 ae
999 3449 1114 3505 decocto

72 3518 145 3575 ὥστιῐ
161 3528 385 3592 uenenarium
403 3530 446 3582 obs
461 3529 558 3599 dpett'r-
600 3527 743 3599 adjudicet.
758 3527 868 3581 Recedit
880 3531 913 3582 ab
924 3531 1028 3585 ossibus
1042 3548 1114 3597 caro,

72 3614 109 3649 ur.
125 3600 215 3655 uFolia
236 3622 295 3657 cum
320 3605 451 3661 bordaoee
472 3607 557 3661 farina
600 3608 1116 3680 quumeeputresoeuteomanndantur,

73 3672 126 3731 illu
136 3682 241 3735 ediacie
258 3686 424 3739 conveniunt.
444 3712 456 3735 ι
474 3685 507 3737 Η.
599 3688 629 3741 ίιι
643 3687 796 3741 hulceribus
812 3686 1041 3760 phageduniciset
1052 3708 1114 3744 can·

104 3760 230 3829 §.Capitis
251 3762 349 3819 datm
366 3766 556 3838 subintellige,
600 3766 689 3821 erotis.
708 3769 801 3821 Hanu.

75 3831 210 3906 litatum
220 3852 249 3893 ut
258 3860 278 3895 t.
295 3843 341 3908 35,
349 3842 471 3899 dentium
481 3844 558 3899 dolo·
644 3864 687 3900 rt.
707 3848 785 3901 Teati.
794 3846 886 3901 Refert
897 3847 931 3903 de
941 3848 1013 3919 loliis
1021 3844 1112 3901 eadem

76 3928 109 3965 Μ
123 3916 180 3970 olet
203 3920 352 3993 ffliopiee
368 3924 485 3997 lacryma
504 3925 558 3979 illi·
600 3926 688 3980 Diosc.
705 3926 722 3980 l.
741 3946 762 3981 c.
777 3924 867 3981 lirun.

76 3992 238 4051 mdxdixit.
256 4000 342 4056 Haeo.
640 4006 768 4060 XXXIX.
792 4025 816 4060 r.
840 4009 960 4063 Diximus.
973 4008 1033 4061 Lib.
1050 4008 1113 4069 XV,

111 4090 146 4125 to.
161 4076 248 4132 cm.
263 4080 325 4136 llee
337 4082 452 4138 totidem
468 4085 556 4139 verbis
603 4105 634 4154 a,
646 4104 684 4156 sq·
703 4085 794 4139 Hero.
