2925 5009
348 454 415 524 512
669 458 949 529 EXCURSUS
979 461 1093 528 Vlll.

346 575 444 647 pioidia
455 576 643 647 leguminoatc,
656 575 687 629 C.
702 576 733 627 B.
751 576 781 629 Ρ.
797 577 864 643 39ιε
882 580 971 631 acacia
984 596 1066 642 vera,
1088 578 1114 630 l.
1127 576 1157 629 B.
1171 576 1196 629 Ι.
1212 586 1271 644 tog.
1281 576 1396 630 trhocc

346 682 455 737 procera
469 676 494 717 et
508 664 614 737 patula,
629 664 764 716 radicibus
776 664 914 721 multitidia
929 668 982 720 hac
998 666 1059 719 illac
1075 664 1199 726 dilinaia,
1211 676 1305 718 trunco
1317 665 1396 737 pedon

345 770 414 826 repe
430 772 532 815 cranao,
552 764 659 805 caterua
673 754 770 806 acacia
787 754 897 808 arborea
911 754 1054 807 altitudine
1071 766 1195 827 oqnantc
1207 766 1254 806 ant
1266 768 1397 825 aopeante,

347 842 439 903 firmo,
453 843 608 901 brachiato,
629 842 726 895 aculeia
745 841 840 896 aalidia
858 856 977 905 armato,
1000 842 1071 897 loliia
1084 842 1236 914 conjugatis
1251 842 1398 903 tenoiatinta,

345 942 425 985 corte
443 930 511 983 duaa
529 930 620 983 nucina
631 930 715 1001 longe
732 930 868 1003 utrimque
881 930 1089 985 adherentibua.
1103 929 1398 983 Pinnuiaeobamrcrirt·

347 1032 436 1084 acnnt,
453 1032 506 1073 trea
521 1020 604 1073 lineat
617 1018 719 1091 longe,
733 1020 839 1073 unicam
853 1021 953 1074 lineam
967 1021 1012 1074 rix
1027 1021 1098 1075 late.
1115 1020 1210 1075 Florea
1223 1020 1253 1072 in
1265 1038 1349 1073 corun
1359 1018 1397 1071 alia

346 1111 471 1164 oriuntur
484 1111 511 1161 in
525 1110 706 1180 glomeramen
717 1110 881 1180 aphericnm
893 1109 1060 1176 coacervati,
1078 1109 1182 1181 periclo
1192 1108 1288 1161 unciali
1299 1106 1398 1161 inriden-

347 1210 404 1259 tea,
418 1197 506 1261 aurci,
529 1197 709 1267 monopctali,
726 1196 846 1261 inodori,
861 1217 893 1251 ex
907 1198 1006 1251 tubnlo
1021 1212 1136 1268 angucto
1152 1198 1182 1250 in
1196 1196 1325 1249 calathum
1336 1194 1397 1268 qnia·

347 1286 532 1357 qnepartitum
547 1284 681 1357 ampliati,
696 1302 759 1336 cum
773 1303 918 1339 numerortt
932 1286 1077 1339 staminum
1088 1286 1215 1355 congerie
1225 1296 1251 1337 et
1262 1284 1352 1356 pistillo
1361 1284 1398 1334 ab

346 1388 428 1427 eunte
440 1374 467 1427 in
481 1372 602 1445 ailiquam
621 1372 708 1445 lupini
726 1372 830 1445 ailiqnia
840 1372 1041 1444 quodammodo
1052 1373 1183 1436 similem,
1196 1372 1311 1445 quinque
1322 1371 1398 1425 nodat

347 1462 407 1533 plur
419 1460 540 1514 minuare
557 1462 676 1531 longam,
692 1460 794 1513 furcam
810 1462 853 1514 rel
864 1462 1065 1524 rufescentena,
1077 1479 1273 1533 comprensam,
1286 1462 1313 1513 iu
1325 1456 1397 1511 medin

346 1548 442 1601 lineato
456 1566 569 1601 eranam
582 1547 741 1609 habentem,
758 1548 829 1601 circa
843 1567 903 1603 oraa
916 1548 1082 1611 tenuiorem,
1096 1568 1153 1603 non
1173 1550 1308 1622 equaliter
1317 1548 1396 1606 laten,

347 1634 394 1689 aed
405 1652 452 1707 pet
463 1632 599 1688 intervalla
610 1633 678 1687 adeo
687 1645 860 1701 coarctatam,
873 1647 903 1688 ut
912 1635 1048 1688 orbiculoa
1060 1632 1200 1706 deprecans
1212 1647 1328 1709 quatuor,
1337 1633 1397 1707 quia·

346 1741 400 1797 que
409 1760 417 1785 ,
427 1740 488 1787 aex,
500 1732 561 1773 orto
576 1720 616 1771 rel
631 1716 723 1773 decent
740 1732 784 1772 aut
797 1721 912 1793 amplior
926 1720 1004 1793 quari
1015 1720 1063 1774 iilo
1071 1720 1191 1795 quodam
1205 1726 1311 1795 trejecto
1320 1736 1395 1773 court·

342 1829 389 1864 xor
397 1820 576 1883 representet.
589 1808 678 1861 Latior
686 1808 870 1861 orbiculorum
878 1828 939 1881 para
948 1827 996 1863 aen
1005 1808 1134 1862 diameter
1143 1809 1312 1865 semiunciam
1319 1816 1393 1881 aquit,

346 1897 534 1953 intermediam
549 1914 610 1949 acro
624 1896 805 1950 orbiculorum
819 1899 864 1951 rix
880 1898 978 1951 lineam
991 1900 1110 1971 attingit.
1122 1899 1294 1971 Singulorum
1307 1898 1391 1950 urbica·

347 1989 434 2040 lorum
458 1984 575 2039 medium
601 1996 715 2056 occupat
733 2002 825 2039 acmen
849 1999 975 2048 ovatum,
992 1986 1167 2059 depreaanm,
1192 1987 1304 2048 domn,
1322 1986 1392 2037 ιιὶιιιι

345 2094 424 2149 quam
440 2074 558 2137 carcha,
577 2070 749 2145 apadiceum,
766 2073 868 2128 circulo
885 2074 914 2127 in
932 2076 1027 2128 orbem
1046 2076 1130 2129 ducto
1151 2090 1184 2129 ut
1202 2077 1231 2129 in
1246 2070 1389 2131 tamarindir,

343 2164 485 2235 mucagine
496 2160 609 2235 quadarn
624 2179 777 2231 gutnmoca,
791 2160 988 2235 adstringente,
1000 2162 1140 2227 aubacida,
1150 2160 1389 2218 rufcacenteinroir·

345 2250 450 2304 tuna.1n
462 2252 579 2323 AEgypto
592 2248 664 2303 circa
677 2250 786 2303 Gairum
801 2250 926 2324 frequent
938 2252 1068 2315 nascitur,
1080 2254 1224 2326 teatedng.
1237 2247 1390 2325 lippiinirt·

346 2338 381 2392 tad
396 2338 432 2391 ill.
443 2340 476 2393 D.
486 2337 591 2391 Fauor.

380 2426 423 2479 Ex
434 2424 538 2498 ailiquia
547 2422 635 2477 adhuc
646 2422 776 2477 viridibus
789 2424 906 2479 contusis
918 2444 1012 2479 succus
1023 2426 1194 2497 exprimitur,
1206 2428 1252 2500 qui
1264 2423 1388 2496 inspiratu

344 2515 433 2569 acacia
448 2513 564 2577 dicitur;
574 2511 610 2565 de
620 2529 675 2582 quo
689 2530 739 2564 auo
752 2513 938 2585 locoagemua.

381 2604 421 2657 Ex
435 2602 540 2655 corticia
551 2618 686 2654 ramorum
696 2612 722 2652 et
730 2600 820 2653 trunci
830 2600 931 2654 litiurir
948 2601 1046 2654 hnanor
1057 2601 1176 2655 viacidus
1184 2615 1279 2676 aponte
1286 2594 1387 2668 finiuqti

344 2710 393 2765 per
402 2700 505 2763 temput
518 2686 682 2761 indureacin
703 2702 730 2741 et
740 2700 779 2740 eat
791 2687 894 2759 gummi
905 2686 980 2741 baud
995 2686 1122 2741 diasinaile
1132 2700 1388 2758 gummoaoaooeoqffl

344 2792 440 2852 aponte
452 2796 483 2830 ex
497 2776 603 2849 prunis,
616 2776 719 2847 pornia,
735 2776 832 2829 cerasia
847 2788 893 2828 aut
911 2776 967 2829 aliia
978 2777 1118 2829 arboribua
1132 2778 1178 2831 bic
1189 2772 1384 2843 dianttnaqiu

345 2868 373 2921 in
386 2884 494 2938 grumos
510 2864 590 2917 varie
604 2862 795 2939 magnitudinis
808 2874 834 2916 et
848 2864 940 2936 figurae
954 2864 1110 2925 concrescit,
1126 2861 1384 2936 nonnumquanetitn

346 2956 374 3009 in
389 2952 474 3007 ttiriaa
489 2954 593 3025 longit,
609 2964 719 3017 teretes,
731 2951 872 3015 incurvae,
888 2953 1019 3005 vermium
1033 2965 1079 3005 aut
1095 2971 1234 3007 erucarum
1251 2954 1382 3017 iocamur

344 3036 518 3093 veraniculata
537 3036 645 3095 dicitur,
659 3048 685 3090 ct
707 3038 742 3089 ab
755 3036 875 3111 antiquie
886 3036 996 3110 plurimi
1010 3038 1200 3101 estimabatur,
1211 3038 1271 3091 licet
1282 3036 1311 3090 ab
1322 3032 1382 3084 altss

344 3126 448 3179 nonnisi
463 3124 517 3179 tola
531 3126 615 3197 figura
626 3122 744 3177 dillerat.

379 3214 489 3267 Gmntni
506 3226 606 3265 nostras
623 3212 702 3266 offic.
723 3214 806 3286 vulgo
819 3233 918 3281 germae
932 3218 965 3263 da
985 3215 1064 3280 puis,
1081 3216 1114 3267 ab
1133 3216 1247 3268 Arabico
1261 3212 1380 3279 disceptat

345 3322 398 3357 non
414 3302 527 3356 videtur.
544 3300 582 3353 Et
601 3301 713 3365 cerasia,
725 3302 833 3373 prunis,
847 3302 949 3372 pontia,
961 3302 1090 3373 perticis,
1106 3302 1220 3375 aliisque
1233 3295 1342 3375 ejusmodi
1351 3310 1381 3345 tt·

344 3391 453 3444 boribua
466 3386 662 3443 atillat.1iatlern
678 3388 823 3441 virtutibus
832 3408 895 3442 cnm
908 3390 1023 3443 Arabico
1038 3389 1160 3443 donatur.
1171 3394 1268 3443 Verum
1276 3385 1380 3441 cainan

343 3478 377 3533 ad
390 3496 468 3532 urum
483 3476 615 3529 medicum
627 3476 727 3546 gummi
737 3476 881 3529 Arabicum
894 3477 995 3530 cetaria
1004 3478 1187 3544 anteponitur,
1198 3467 1379 3551 qnandoquidtl

344 3570 399 3640 ejus
410 3568 478 3619 airca
487 3584 535 3618 usu
546 3563 708 3617 diuturniori
719 3564 831 3635 cognite
841 3578 902 3617 sunt
912 3578 937 3617 ct
947 3567 1135 3637 cotnprobatc.

379 3658 513 3711 Hactenus
527 3655 561 3707 de
574 3654 678 3725 gummi
692 3654 801 3707 arabico
811 3654 959 3706 Genflrens
969 3654 1076 3712 ,ΤιιοιΙ
1090 3654 1125 3707 de
1139 3655 1204 3707 Mat.
1215 3650 1280 3706 med.
1291 3642 1378 3705 ton-ss»

343 3766 372 3821 p.
386 3752 434 3817 ⁵7²
447 3762 507 3817 aqq.
516 3762 589 3795 nunc
600 3740 671 3794 idem
684 3758 779 3795 rurana
792 3740 925 3794 decencia
939 3760 1019 3805 aera,
1034 3742 1100 3795 ibid.
1114 3760 1144 3814 p.
1153 3746 1206 3813 716
1216 3762 1271 3815 aqq.

378 3836 473 3887 Acacia
489 3848 552 3885 acra
571 3842 597 3884 et
617 3848 712 3883 attccua
734 3829 847 3895 acacio,
865 3830 946 3883 Oiiic.
963 3830 1055 3882 &anain
1074 3830 1185 3895 Galeri,
1205 3822 1377 3882 bannorum

342 3922 456 3976 aliorum
468 3937 474 3971 ι
495 3920 597 3979 ἀκαιίις
611 3919 745 3990 ill-‘'lim“
760 3918 880 3970 Diomor.
898 3915 1004 3989 δάκρυον
1017 3920 1142 3971 marucia
1157 3919 1253 3977 ιάέιθκ
1265 3910 1375 3967 indm·

342 4009 396 4063 chi.
410 4008 510 4062 Succua
522 4020 559 4059 eat
572 4006 741 4076 inrpimtua,
750 4022 905 4078 gumanoaut
914 4044 922 4070 ,
932 4005 1022 4058 colore
1031 4016 1105 4057 extna
1118 4005 1258 4060 fuacnaaut
1267 3996 1374 4072 nigriora

342 4097 415 4153 iatut
433 4096 570 4151 ruletcena
587 4112 632 4147 acu
650 4092 807 4161 subluitur,
822 4093 1000 4147 conaittetttin
1015 4092 1279 4162 firmioria,tlure‚in
1291 4082 1373 4143 nteit*
