2925 5009
441 408 506 477 nr
530 408 863 479 sctrtnomo.
1109 418 1180 515 7⁸9

112 528 203 583 erulaa
217 527 355 591 inciditur,
366 528 458 599 lacque
466 526 531 581 iude
540 526 673 600 produeua
683 530 811 593 eiccatur,
826 529 867 583 rel
879 529 940 604 igne
952 532 1042 599 lento,
1053 537 1095 591 rel
1106 542 1180 608 aolc;

111 630 136 668 et
144 618 173 669 iu
180 616 252 669 ottae
262 614 389 687 quaedam
402 616 533 669 formatur
546 630 572 669 et
586 617 743 689 obsignatur
753 636 761 670 ε
773 618 864 671 colore
871 630 960 674 autem
967 633 1004 675 eat
1014 624 1127 680 aubalbo
1139 631 1182 683 rel

111 705 197 757 vario.
213 704 310 758 Poctea
322 704 425 757 taleole
433 702 552 757 radicum
564 706 633 757 trite
639 706 834 777 exprimuntur,
842 720 870 760 et
878 725 974 763 auccua
983 710 1104 778 aiccatnr,
1113 717 1185 789 aigil.

110 794 192 865 loque
206 806 315 847 notatur
327 812 335 846 ε
348 808 388 847 eat
399 808 487 847 autem
499 793 543 845 bic
554 812 667 861 cremor,
680 795 764 867 niger,
776 796 872 866 gravia.
881 796 949 850 Suut
958 800 1037 853 etiam
1047 802 1093 874 qui
1101 822 1133 857 ex
1142 807 1183 861 l'o·

109 882 151 935 liia
163 898 191 935 et
202 882 328 935 caulibus
342 880 410 934 tritia
421 899 529 935 euccum
540 882 695 947 extrahunt,
710 884 827 948 aicmnt,
844 898 1013 959 coguntque:
1027 889 1073 943 aed
1092 891 1136 946 hic
1148 913 1181 949 ex

108 974 189 1043 uigru
202 970 326 1035 virmcit,
340 982 432 1041 eatque
441 970 532 1025 odoris
545 971 613 1025 tetri.
625 970 713 1025 lindie
721 973 878 1027 aeammouii
887 991 977 1027 macae
986 977 1073 1050 rigillo
1085 993 1181 1037 uotatar

107 1078 165 1113 uon
178 1060 296 1131 ampliua
307 1059 466 1113 afferuntur.

142 1147 311 1201 Scammonii
328 1148 444 1221 lecryma
465 1166 525 1219 que
545 1166 577 1202 ert
595 1147 686 1202 radice
707 1148 788 1201 incita
803 1162 896 1221 apoute
913 1150 983 1215 fluit,
1004 1156 1092 1226 qualia
1110 1158 1180 1213 circa

104 1236 254 1307 Smyru'am
269 1237 297 1289 iu
310 1236 420 1290 conchis
435 1236 578 1308 colligitur,
592 1237 652 1289 licet
663 1236 829 1307 preatautior
840 1238 891 1302 eit,
903 1240 1092 1297 rarieaimercl
1105 1264 1182 1300 uum·

104 1340 192 1394 quam
206 1322 242 1377 ad
254 1342 302 1377 noe
312 1325 394 1379 venit.
408 1325 504 1378 Colore
516 1338 556 1379 eet
568 1324 714 1397 pellucido,
726 1325 857 1379 albicante
869 1326 912 1379 rel
928 1326 1101 1394 dareeceute,
1117 1338 1181 1389 reai-

105 1432 149 1465 nae
164 1414 205 1466 rel
218 1414 327 1486 glutinia
342 1415 441 1467 taurini
454 1414 544 1468 iuatar.
559 1416 595 1468 De
613 1415 657 1469 tali
677 1416 845 1469 scammonio
857 1417 994 1488 pellucido
1009 1422 1135 1476 Lobeliua
1152 1438 1180 1478 et

104 1502 179 1555 Pena
190 1502 221 1554 iu
234 1500 394 1556 hdrertariia
409 1503 570 1555 mentionem
585 1504 693 1557 iaciunt.
705 1502 905 1557 Scammouium
914 1517 1004 1560 autem
1015 1508 1090 1581 qnod
1102 1513 1180 1565 nobie

105 1588 193 1643 bodie
202 1602 362 1661 aeportatur,
379 1602 418 1644 eat
432 1592 460 1644 in
473 1591 562 1662 glebas
573 1602 757 1662 compactum,
769 1610 882 1663 opacum
891 1632 898 1656 ‚
908 1594 1087 1650 etcinereum.
1101 1602 1179 1666 Quia·

105 1696 172 1731 uam
186 1690 278 1731 autem
294 1679 327 1731 ait
339 1678 411 1733 illiue
419 1680 491 1733 eucci
504 1678 645 1751 colligendi
659 1678 756 1733 modua
769 1680 847 1752 plane
857 1682 1016 1752 Quonmue.
1027 1685 1081 1741 Sed
1091 1689 1180 1742 veriai.

105 1768 172 1820 mile
181 1780 222 1822 eat
232 1768 290 1821 illan
299 1768 389 1840 glebae
398 1788 455 1823 erae
465 1788 498 1823 ex
509 1770 610 1832 suecia,
620 1781 679 1821 tum
690 1770 836 1830 incisione,
849 1782 906 1823 tum
917 1775 1086 1843 expreaeioue
1094 1792 1181 1833 extra·

103 1854 156 1907 otia
165 1864 376 1925 coagmentum
387 1851 458 1906 unde
467 1864 539 1905 tanta
549 1852 577 1905 in
589 1851 680 1905 eadem
695 1852 770 1923 gleba
783 1853 892 1906 amima
901 1853 1119 1926 deprehenditur.

141 1942 366 2005 Scammouium,
377 1954 432 1994 tum
442 1941 557 2005 Graecia,
571 1954 628 1994 tum
641 1941 771 1994 Arahibua
783 1943 918 2013 cognitum
936 1944 988 1998 tuit
1002 1958 1028 1999 et
1043 1948 1178 2005 uaitctuut.

103 2032 128 2082 Δ
147 2031 242 2083 hleeue
263 2030 377 2083 babetur
394 2043 522 2102 tauquam
542 2030 798 2083 medicamentorum
820 2032 994 2102 purgantium
1017 2036 1176 2102 maximum,

103 2117 176 2173 adeo
186 2130 219 2171 ut
229 2118 374 2190 purgatorii
386 2119 495 2171 nomine
504 2116 658 2191 aimpliciter
670 2118 842 2190 pronuntiato
851 2138 901 2191 per
910 2122 1082 2192 ἀντονομασίαν
1092 2144 1177 2180 mm.

104 2208 231 2261 monium
241 2206 415 2279 intelligatur,
423 2208 490 2261 etab
502 2207 626 2261 Oribatio
637 2206 757 2259 omnium
767 2208 938 2279 purgantium
952 2210 1179 2269 violentiaaimum.

104 2297 149 2349 De
161 2294 211 2347 illo
223 2306 312 2348 tumen
326 2295 445 2348 Galeuua
455 2294 524 2347 libro
536 2294 571 2348 de
583 2294 680 2367 simpl.
694 2294 911 2349 Medicameutor.
927 2296 1106 2356 Facultatibna
1119 2322 1175 2358 nou

104 2382 247 2446 meminit,
261 2382 324 2437 licet
336 2382 397 2436 alibi
411 2382 490 2455 hujua
502 2382 690 2436 medicamenti
703 2400 774 2455 nepe
788 2384 947 2437 mentionem
961 2385 1050 2441 faciat.

141 2473 201 2527 Nec
213 2471 249 2525 de
258 2471 412 2525 acammonii
420 2472 519 2524 viribus
529 2470 663 2525 Neuterici
676 2472 837 2525 aVeteribua
848 2471 1016 2528 diffluunt.
1029 2476 1084 2530 Nec
1096 2479 1176 2533 etiam

104 2561 197 2615 minua
209 2559 354 2632 frequentia
367 2572 406 2613 eat
417 2578 480 2613 uaue
493 2558 566 2631 apud
576 2576 631 2618 eoa.
644 2559 678 2612 ad
688 2560 816 2613 humorea
826 2561 935 2617 biliuaoa
946 2574 972 2614 et
981 2562 1122 2635 pituitoaoa
1129 2586 1176 2621 eeu

104 2668 211 2705 aeroaoe
222 2668 238 2701 e
250 2650 368 2721 partibue
380 2650 489 2703 remotia
502 2648 661 2703 educendua.
674 2649 750 2702 Virea
760 2651 818 2721 eiua
827 2649 968 2705 laudantur
977 2652 1007 2706 in
1018 2656 1177 2726 corporibua

105 2738 213 2813 frigidi·
226 2748 252 2791 et
265 2737 376 2802 aeroaia,
388 2738 416 2789 in
430 2737 548 2789 lebribm
560 2736 812 2801 intermittentibua,
825 2736 1001 2792 cruditatibua
1014 2758 1021 2792 :
1034 2744 1119 2814 magia
1130 2764 1178 2799 au.

105 2844 161 2883 tem
181 2829 209 2881 iu
223 2825 338 2881 robuatie
356 2838 382 2878 et
395 2836 471 2879 aetate
489 2824 665 2887 conciatente3
680 2824 769 2877 minua
782 2824 810 2877 in
824 2824 986 2890 inlautibua,
995 2828 1176 2887 imbecilliori.

105 2920 173 2982 bue,
189 2914 339 2989 puerperia,
351 2910 478 2984 gravidis,
493 2912 612 2965 febribua
627 2911 798 2976 ardentibua,
810 2912 903 2968 eulidia
912 2916 1014 2970 morbia
1025 2930 1071 2973 aut
1079 2924 1177 2976 conati-

104 3008 264 3061 tutiouibua.

143 3094 254 3166 Duplici
271 3106 361 3145 autem
373 3091 477 3143 retioue
494 3089 634 3143 catharaim
650 3087 738 3141 moliri
755 3088 821 3141 nihi
834 3089 955 3159 ridetur,
973 3106 1029 3147 tum
1048 3096 1107 3151 lixie
1122 3101 1178 3154 aeia

105 3182 228 3257 partibue
245 3180 390 3236 acrioribm
408 3178 551 3233 ventriculi
568 3190 594 3231 et
613 3176 797 3231 intratinorum
816 3180 988 3235 membranae
1003 3182 1134 3241 irritando
1151 3202 1178 3245 et

107 3272 142 3326 ad
160 3270 374 3325 contractionem
388 3265 569 3329 collicitando‚
587 3278 644 3317 turn
659 3264 739 3317 etiam
754 3264 918 3330 volatilibus,
931 3269 1028 3324 oleoaia
1039 3274 1177 3345 perticella

105 3362 215 3417 acribua
227 3376 322 3411 nervos
335 3355 524 3417 convellendo,
537 3354 628 3426 sicque
640 3356 734 3406 umne‘a
750 3354 881 3407 riaeerurn
894 3355 1045 3413 abdominis
1062 3362 1178 3433 glandu-

106 3453 145 3504 laa
161 3448 300 3521 paululum
315 3442 495 3517 exprimendo.
506 3443 636 3503 eaerum
650 3460 760 3495 maaaam
771 3443 944 3515 aauguiueanr
955 3458 981 3500 et
992 3448 1131 3520 lympham
1141 3454 1180 3507 ri.

105 3538 208 3593 acidam
231 3553 286 3587 uou
306 3550 381 3605 que
396 3529 474 3585 aolrit
490 3529 569 3584 eicuti
585 3546 698 3596 manna,
709 3528 837 3601 julapium
854 3544 881 3583 et
895 3544 987 3587 uetera
1006 3535 1176 3613 hydragog„

105 3625 180 3681 uude
193 3635 267 3679 tanta
279 3622 331 3676 reri
343 3619 430 3673 tenuia
443 3630 470 3671 et
483 3616 615 3671 fluidioria
625 3616 702 3688 copia
715 3616 749 3669 ab
766 3616 812 3671 illo
828 3636 882 3671 uon
892 3618 1025 3675 educitur.
1040 3622 1103 3678 Huc
1113 3646 1178 3684 rem

105 3711 265 3770 scammonli
274 3708 394 3781 operatio
405 3726 422 3761 a
434 3706 556 3760 Fernelio
567 3716 692 3758 accurate
702 3716 729 3757 et
738 3704 873 3777 eleganter
883 3706 1036 3782 depingitur
1044 3712 1074 3765 iu
1087 3714 1175 3772 neth.

105 3798 252 3863 medendi,
268 3799 315 3851 lib.
322 3802 356 3860 V,
368 3812 429 3869 cap.
444 3813 474 3863 9,
490 3793 533 3847 hia
549 3793 653 3847 verbib:
667 3792 773 3846 «Bilem
787 3806 896 3849 tenuem
909 3808 990 3869 atque
1003 3800 1125 3857 citriuam
1142 3826 1176 3860 ea

106 3893 235 3945 univerae
251 3904 379 3957 corpore,
390 3884 523 3955 aimnlque
536 3900 631 3955 aquam
646 3882 769 3936 citriuam
787 3902 818 3936 ac
831 3902 934 3939 aercaoa
947 3888 1072 3943 humorea
1089 3894 1176 3950 trahit.

107 3984 257 4050 Quumque
267 3975 305 4029 via
317 3976 375 4047 ejua
388 3973 462 4047 quaai
476 3976 566 4025 iurem
579 3984 605 4024 et
616 3970 743 4025 eilreuata
756 3972 805 4033 ait,
814 3988 936 4046 prompte
950 3975 1060 4047 quidem
1079 3999 1110 4034 ac
1118 3984 1175 4035 ciro

106 4087 157 4128 ete
168 4066 367 4125 dietantioribua
380 4074 489 4125 vacuat,
502 4080 587 4133 neque
599 4072 687 4115 tamen
699 4061 884 4115 oraaeiuaculor
897 4063 966 4117 ullor
976 4066 1118 4131 humum,
1128 4090 1175 4127 eeu
