2925 5009
354 438 424 509 aod
629 440 666 508 C.
692 439 861 509 PLINII
885 440 991 509 unt.
1019 442 1147 510 urst.

354 574 455 661 ribus,
469 572 610 643 maxime
628 597 714 669 aquo
732 573 784 642 vel
805 573 890 645 lacte
910 574 1057 645 subacto.
1069 579 1220 671 Negatur
1236 574 1402 670 quidquem

355 680 411 750 illo
428 704 513 776 pane
527 678 690 750 salubrius
703 704 796 764 esse,
815 694 873 749 aut
892 680 1015 768 levius,
1034 682 1115 751 dum
1135 681 1263 752 caleat:
1282 683 1407 775 reb-ige

354 803 445 857 ratus
469 785 637 857 difficilius
655 788 894 881 concoquitur,
920 786 1025 883 fitque
1048 787 1264 884 ponderosus.
1282 791 1410 859 Co'ustat

350 919 411 964 cos
432 894 488 989 qui
507 891 563 962 illo
586 894 723 981 vivant,
745 918 808 962 nec
826 892 1031 987 dysenteria,
1052 920 1115 965 nec
1131 911 1299 982 tenesmo,
1314 918 1407 989 nque

354 1000 424 1069 aliis
442 999 569 1070 morbis
586 1002 713 1069 ventris
725 1000 882 1069 infestari.
899 1003 1016 1094 ltaque
1034 1004 1122 1072 inter
1142 1002 1290 1071 remedia
1306 1026 1407 1071 eorum

355 1108 506 1175 liabetur.

322 1250 333 1283 r
407 1214 535 1282 XXIX.
566 1211 763 1308 Heliotropii
789 1211 984 1283 miraculum
1007 1214 1128 1309 sepius
1143 1215 1289 1283 diximum
1299 1213 1322 1299 ¹,
1343 1238 1407 1283 cum

354 1318 422 1389 sole
440 1344 475 1389 se
495 1320 767 1415 circumagentis,
795 1322 894 1389 etiam
920 1319 1035 1389 nubilo
1055 1320 1142 1391 die:
1171 1334 1284 1391 tantus
1310 1321 1408 1392 oderis

354 1451 449 1495 amor
467 1440 539 1495 est:
567 1441 668 1495 noctu
690 1423 783 1495 velut
803 1426 966 1495 desiderio
984 1427 1138 1497 contrabi
1160 1426 1338 1497 ceruleum
1355 1427 1407 1496 llo·

320 1572 334 1604 r
354 1557 434 1602 rem.
449 1534 583 1602 Genera
604 1532 674 1626 ejus
697 1531 788 1601 duo:
812 1533 1013 1619 tricoccum,
1033 1548 1068 1603 et
1082 1532 1333 1628 helioscopium.
1348 1536 1409 1601 Hoc

352 1636 469 1707 altius²
483 1632 688 1733 (quanquam
701 1652 880 1733 utrumque
891 1639 1123 1735 semipedalem
1135 1639 1342 1711 altitudinem
1352 1663 1408 1709 nou

352 1851 456 1907 recidit.
473 1852 563 1908 Hirro.
580 1882 620 1895 -
633 1854 667 1906 Et
683 1852 722 1907 sic
743 1853 818 1907 Brot.
833 1871 865 1906 ex
912 1852 1033 1907 tudinem
1042 1855 1247 1925 scorpionum...
1257 1857 1323 1927 Ejus
1332 1855 1408 1907 herbe

353 1932 417 1987 edit.
433 1932 565 2005 principe.
580 1934 633 1987 En.
911 1931 1009 1987 diriore
1022 1932 1057 1987 ud
1072 1935 1135 1987 solis
1147 1955 1254 1988 emaum
1272 1935 1374 1988 floscelli
1385 1952 1408 1987 α

392 2012 495 2065 XXIX.
523 2031 547 2065 r.
573 2011 667 2084 Scopius
693 2012 806 2065 dicimis.
828 2012 868 2065 Ut
911 2026 1081 2067 uerruntzet
1093 2033 1178 2085 quum
1191 2016 1230 2068 sol
1249 2013 1357 2080 occidit,
1370 2013 1407 2067 do

353 2093 400 2145 lib.
415 2092 525 2157 tvm,
542 2110 600 2165 usp.
617 2098 663 2163 67,
677 2105 726 2146 eto.
740 2091 867 2146 tt-Ne
911 2110 954 2145 res
971 2111 1000 2145 se
1021 2092 1164 2159 claudunt,
1187 2108 1238 2148 etc.
1257 2120 1271 2143 ι
1304 2095 1405 2149 Simila

353 2172 535 2225 ctu...coutrulii
545 2172 670 2225 sauricum
675 2174 775 2243 florem
781 2172 867 2225 Movit
910 2171 988 2227 riola
1001 2172 1063 2227 lacit
1076 2173 1158 2227 ovid.
1177 2174 1355 2245 Metamorplr
1364 2174 1406 2233 IV.

352 2251 409 2305 berc
422 2251 526 2305 cerulei
540 2248 614 2304 floris
629 2264 707 2317 nota,
720 2252 790 2305 inter
804 2251 866 2305 ber·
912 2268 938 2304 v.
954 2254 1022 2319 268,
1037 2254 1084 2307 ubi
1100 2252 1135 2305 de
1143 2254 1235 2325 Clytie
1249 2255 1281 2308 in
1297 2254 1406 2308 heliotro-

353 2332 457 2396 bsriou,
471 2330 605 2402 aliosque,
619 2331 678 2385 lites
691 2331 867 2403 ingentemt
911 2331 987 2400 pium
1012 2331 1106 2386 florem
1124 2346 1246 2388 mumtu:
1274 2360 1287 2385 ι
1303 2335 1405 2387 ttmtn

353 2429 413 2482 qun
423 2410 514 2481 planta
528 2408 637 2463 demum
648 2411 804 2482 heliotropii
814 2430 866 2463 no·
911 2410 1002 2465 lerunt
1027 2412 1133 2467 hausisse
1158 2415 1234 2479 solo,
1265 2426 1404 2485 partemque

353 2491 425 2544 mine
439 2488 569 2543 censenda
588 2503 669 2555 esset,
689 2509 741 2562 pro
753 2508 782 2543 se
795 2490 867 2563 quis·
911 2492 1009 2545 coloris
1024 2490 1144 2545 Luridus
1166 2511 1313 2564 exungues
1335 2492 1405 2564 pallor

352 2588 406 2642 que
418 2581 556 2623 statueret.
574 2570 692 2624 Cichorii
705 2568 799 2624 florem
809 2570 865 2624 exi·
910 2572 1043 2625 convertit
1062 2572 1089 2623 iu
1106 2572 1209 2625 herbas.
1233 2574 1283 2627 Est
1300 2575 1328 2627 in
1344 2583 1404 2643 purte

351 2649 467 2723 stimuvit
487 2668 542 2702 esse
568 2650 752 2722 Dalscampius
773 2668 781 2704 :
806 2650 865 2704 risit
909 2652 1015 2715 rubor,
1041 2651 1170 2722 violisque
1199 2653 1348 2707 simillimus
1367 2670 1404 2704 trs

352 2730 404 2783 boc
433 2743 615 2783 commentum
649 2731 808 2795 Salmasius,
835 2730 864 2783 in
910 2728 975 2784 Flos
987 2732 1072 2801 tegit:
1088 2732 1132 2783 illa
1143 2749 1236 2798 suum,
1248 2733 1405 2805 quamvisn·

351 2808 489 2863 Confutat.
507 2807 651 2873 Cercostii,
668 2828 697 2881 p.
722 2816 786 2874 πάι.
803 2809 865 2863 Hal·
910 2806 971 2862 dice
993 2822 1110 2875 tenetur,
1119 2812 1244 2865 Vertitur
1264 2812 1301 2867 ud
1320 2812 1403 2871 solsu,

351 2888 497 2942 luciuatum
505 2906 562 2941 esse
570 2889 685 2943 Plinium
695 2889 864 2943 rirsummos
909 2902 1063 2963 mutataque
1074 2904 1161 2945 serrat
1171 2910 1301 2947 umorem.
1313 2917 1325 2939 ι
1339 2891 1404 2944 ll·-

350 2968 472 3037 putavit,
494 2967 522 3020 in
538 2969 699 3041 Mustigopb.
719 2968 755 3030 3,
769 2987 797 3039 p.
810 2970 864 3035 81,
909 2968 1058 3024 Ovidiauus
1077 2970 1129 3023 llos
1147 2972 1308 3043 Sprengelio
1321 2970 1404 3025 estiis·

350 3048 398 3120 qui
423 3046 563 3102 caeruleum
587 3048 750 3120 heliotropio
769 3048 863 3103 liorem
907 3052 982 3119 sper-ir
993 3051 1136 3103 matronalis
1151 3045 1403 3124 (Τειηᾰ.8ὶΙιἨαι

349 3126 499 3181 affinxerit:
521 3126 592 3198 apud
615 3128 702 3182 Diosc.
721 3128 771 3193 tv,
795 3128 860 3197 193,
912 3128 984 3199 1571
997 3131 1069 3183 Pers.
1087 3130 1209 3200 carafa.
1226 3133 1330 3199 Juss.);
1342 3150 1364 3183 r.
1376 3130 1401 3194 β.

349 3226 404 3259 non
427 3207 609 3278 ὑποπόρφυρον,
636 3207 680 3260 sed
715 3209 863 3279 inimiici,
908 3208 1122 3274 circumitores
1131 3211 1402 3284 babetplenos,slb⁰tr

349 3286 401 3359 legi
421 3299 561 3359 oportere3
583 3300 663 3357 atque
682 3285 711 3340 id
731 3289 862 3342 recentio-
908 3286 1127 3343 odoratissimos:
1148 3292 1350 3363 rulgojslierse.
1363 3290 1403 3342 ttr

349 3385 410 3420 rum
420 3367 523 3420 calculo
539 3366 644 3419 firmat:
661 3367 759 3438 quibus
772 3366 863 3439 adjun·
907 3368 975 3422 bitst
989 3370 1017 3421 irr
1033 3369 1119 3423 Gallia
1129 3407 1138 3434 ,
1150 3371 1288 3437 Helvetia,
1304 3370 1400 3427 etclio·

349 3446 376 3517 gi
393 3445 530 3500 Oribusius
543 3447 646 3523 potuit,
670 3447 721 3511 XI,
744 3468 772 3518 p.
797 3450 861 3517 198.
952 3468 976 3501 a.
991 3449 1048 3501 Hos
1063 3451 1146 3503 atrius.
1161 3451 1357 3523 Helioscopium
1372 3447 1401 3499 ri·

350 3527 418 3579 Num
438 3528 459 3579 is
469 3524 604 3592 subsicivum
617 3524 754 3580 reddidit:
771 3526 823 3579 nisi
832 3526 861 3581 id
907 3525 1018 3589 delicet,
1037 3546 1085 3583 seu
1107 3530 1299 3602 heliotropium
1315 3531 1399 3601 souitu.

349 3604 501 3677 interpretis
514 3605 692 3659 autcodicum
702 3625 860 3679 grecorum,
906 3610 982 3678 cujus
1005 3608 1111 3663 iconem
1128 3610 1201 3681 apud
1217 3611 1337 3665 Clusium
1352 3606 1400 3663 ride

348 3684 422 3756 qnod
433 3684 521 3738 verius
531 3703 602 3751 reor,
612 3686 707 3739 vitium
719 3686 778 3740 t‘uit.
791 3687 859 3738 Nem
905 3686 1006 3741 Histor.
1017 3690 1079 3742 liar.
1096 3690 1134 3759 pl.
1152 3690 1203 3754 IV,
1220 3710 1248 3761 p.
1265 3695 1311 3755 46.
1327 3692 1359 3743 ll.
1370 3714 1400 3727 -

348 3782 530 3835 purpureum,
551 3765 593 3817 cui
615 3765 704 3819 ullinis
721 3768 794 3820 colos
807 3784 859 3819 cre·
905 3757 1064 3838 Ηλιοτρόπιον
1074 3770 1101 3823 τὸ
1112 3771 1180 3839 μέγα
1189 3766 1399 3837 Diose.lV,1933

348 3843 438 3897 ruleus
448 3856 496 3907 est,
505 3843 665 3915 heliotropio
678 3846 772 3899 florem
785 3846 859 3918 Apu·
905 3860 991 3901 servat
1003 3866 1103 3901 nomen
1123 3867 1130 3898 ε
1155 3848 1333 3921 Heliotropiusr
1344 3866 1400 3900 suc»

348 3923 414 3975 lsius
425 3922 530 3985 tribuit,
540 3942 597 3994 cap.
613 3931 665 3993 ⁴9²
679 3928 766 3980 «Cum
778 3926 858 3991 flore,
901 3945 983 3995 pssum
1005 3924 1017 3989 (
1030 3928 1151 3981 Psotuud.
1168 3948 1265 4000 monog.
1281 3950 1339 4001 geu.
1353 3928 1396 3988 34¹³

348 4001 443 4073 inquit,
452 4002 478 4053 iu
487 4004 638 4059 summitate
649 4007 766 4072 tenui,et
777 4008 858 4059 veluti
901 4008 974 4061 Pers.
987 4007 1120 4076 Borragae'u.
1135 4009 1152 4060 J
1155 4007 1232 4074 uss.);
1245 4012 1304 4064 lrab.
1317 4009 1343 4062 io
1354 4008 1397 4059 nu·

347 4100 498 4155 purpureo,
510 4094 588 4154 atque
604 4098 709 4150 rmcato,
724 4087 857 4140 insimili·
901 4106 968 4156 ropa
981 4087 1097 4141 australi.
1114 4088 1166 4141 En.
