2925 5009
297 457 369 529 826
571 457 611 524 C.
638 453 805 526 Pttttll
830 455 939 526 Nat.
965 441 1099 524 HIST.

296 589 412 692 populi
427 591 557 660 romani
570 586 744 659 celebrator
754 588 972 684 peculiariter.
988 587 1161 682 Siquidem
1176 589 1368 658 latinarum

297 697 406 771 fariis⁷
420 695 590 793 quadrigae
601 708 732 764 certam
741 697 774 764 in
786 695 969 792 Capitolio,
981 695 1157 788 victorque
1168 693 1368 764 absinthium

299 790 419 876 bibit⁸2
432 803 546 890 credo,
558 804 731 871 sanitatem
743 805 881 897 praemio
897 801 987 872 dari⁹
1000 800 1191 871 honorilice
1206 801 1369 870 arbitratis

299 911 490 1006 majoribus.
507 909 730 978 Stomachum
742 909 956 995 corroborat,
965 921 999 976 et
1013 907 1058 977 ob
1072 907 1140 977 hoc
1153 931 1258 1004 sapor
1265 906 1290 932 ¹⁴
1303 908 1371 1000 ejus

266 1020 335 1088 ain
360 1020 439 1086 rina
469 1013 711 1102 transfertur¹¹,
733 1029 772 1085 ut
792 1016 946 1086 diximus.
971 1014 1102 1084 Bibitur
1130 1028 1175 1082 et
1197 1014 1370 1084 decoctum

299 1147 406 1220 aqua,
421 1147 461 1192 ac
472 1136 586 1218 postea
597 1133 696 1190 nocte
704 1135 739 1190 et
749 1121 801 1192 ilie
816 1121 1048 1217 refrigeratum
1060 1119 1125 1189 sub
1135 1118 1214 1208 dio,
1227 1119 1371 1190 decoctis

299 1256 358 1301 sex
376 1229 545 1299 drachmis
563 1225 718 1298 foliorum
744 1251 821 1298 cum
843 1229 945 1299 ramis
973 1227 1039 1296 suis
1061 1227 1095 1294 in
1119 1224 1263 1296 caelestis
1283 1249 1373 1320 aque

300 1336 448 1406 sextariis
460 1335 590 1404 tribus:
607 1347 743 1428 oportet
752 1349 786 1404 et
802 1333 902 1404 salem
914 1333 1000 1403 addi.
1014 1334 1252 1402 Vetustissime
1265 1335 1300 1402 in
1313 1355 1372 1400 usu

302 1458 362 1513 est.
390 1442 520 1512 llibitur
542 1455 576 1510 et
600 1439 777 1512 madefacti
800 1437 993 1510 dilutum¹²:
1012 1441 1059 1508 ita
1078 1440 1170 1508 enim
1191 1437 1374 1535 appelletur

300 1549 368 1619 hoc
382 1571 496 1644 genus.
511 1545 619 1618 Diluti
636 1549 737 1632 ratio,
758 1563 797 1618 ut
810 1542 980 1642 (quisquis
999 1545 1100 1614 fucrit
1118 1546 1245 1616 modus
1262 1532 1372 1640 aque)

301 1669 433 1752 tegatur
449 1677 510 1748 per
526 1653 687 1722 triduum.
702 1655 834 1722 Tritum
848 1677 924 1722 raro
938 1654 973 1722 in
989 1676 1051 1720 usu
1066 1665 1137 1736 est,
1153 1655 1244 1722 sicut
1258 1665 1292 1721 et
1303 1675 1370 1720 suc

302 1787 363 1832 cus
372 1761 528 1856 expressi.
543 1761 751 1854 Exprimitur
764 1774 894 1846 autem,
906 1758 1172 1854 quamprimum
1187 1783 1302 1830 semen
1314 1771 1373 1826 tur·

303 1869 423 1964 gessit,
435 1864 657 1935 madefactum
670 1888 757 1960 aqua
768 1865 879 1936 triduo
893 1867 1236 1950 recens,uutsiccum
1251 1877 1369 1958 septem

302 1972 430 2044 diebus.
444 1971 576 2043 Deinde
589 1987 723 2042 coctum
736 1973 771 2041 in
785 1995 877 2042 teneo
895 1995 974 2041 ruse
990 1969 1032 2040 ad
1050 1972 1187 2056 tertias,
1201 1997 1227 2040 x
1239 1969 1371 2039 heminis

303 2082 338 2150 iu
359 2103 455 2172 aquae
474 2079 626 2148 sextariis
643 2101 728 2166 xer,
743 2079 930 2173 iterumque
949 2075 1157 2173 percolatum
1183 2061 1302 2148 lente¹³
1321 2101 1370 2146 ou

303 2184 724 2281 quituradcrassitudinem
731 2182 1049 2278 mellis,qualiterex
1060 2183 1372 2254 minorecentaureo

304 2292 463 2388 quaeritur
478 2315 606 2360 succus.
619 2289 684 2360 Sed
700 2289 755 2360 bic
779 2289 934 2360 absinthii
953 2277 1110 2360 inutilis¹⁴
1126 2291 1304 2360 stomacho
1323 2313 1372 2358 ca·

345 2457 374 2510 7.
391 2439 535 2491 latiomaus
553 2439 635 2505 seriis.
652 2439 761 2503 Quibus
786 2440 815 2492 in
901 2459 929 2510 9.
947 2439 1189 2498 cadomensem„
1200 2439 1373 2510 pressioders'.

289 2493 410 2574 'Albano
428 2528 520 2570 monte
535 2518 664 2572 llomanis
685 2518 766 2571 simul
791 2529 819 2571 et
861 2519 993 2590 Corporis
1001 2519 1101 2571 bonam
1116 2517 1298 2572 valetudinem
1311 2537 1373 2591 pru·

305 2597 407 2653 Letinis
438 2597 578 2649 visceratio
595 2598 735 2651 dabatur.
746 2595 819 2650 Vide
862 2611 933 2652 stare
958 2599 1051 2651 riuum
1077 2595 1252 2663 absinthites,
1270 2601 1373 2652 Veteres

305 2679 385 2733 Ales.
396 2679 430 2730 ab
441 2677 516 2730 hlex.
527 2677 621 2742 lib.V,
632 2695 690 2748 cap.
705 2697 734 2749 7.
747 2679 818 2730 Dru.
863 2675 1051 2742 crediderunt,
1072 2677 1162 2749 iuquit
1179 2677 1302 2732 Dioscor-
1321 2679 1372 2740 111.

306 2787 347 2804 --
356 2759 506 2810 latinam
519 2757 704 2827 subintellige,
718 2757 822 2828 suppli·
867 2763 923 2812 sb':
940 2759 1103 2828 neostraton
1121 2758 1148 2822 ἐξ
1163 2759 1271 2811 etet...
1285 2759 1371 2828 snitu

307 2839 454 2902 cationum,
468 2849 513 2891 ant
530 2837 701 2908 religionum.
716 2837 823 2902 Livius,
865 2839 993 2894 eneruis
1006 2831 1226 2906 slsersepa'tosere.
1236 2837 1322 2891 llnn.

309 2920 346 2983 V,
359 2918 416 2986 93:
438 2941 450 2964 ι
465 2916 525 2968 lam
541 2917 600 2968 ludi
611 2917 767 2989 Iustitiaque
784 2917 823 2968 in·
911 2933 954 2969 ro.
977 2917 1067 2987 Sapor.
1087 2916 1169 2969 Facto
1192 2933 1226 2968 ex
1248 2917 1370 2976 torino,

308 3007 531 3050 monterrant·
543 2995 603 3048 Lib.
611 2997 701 3058 XXII,
714 3015 741 3066 p.
752 2997 820 3050 aod:
866 2993 941 3066 qnod
958 2996 1114 3049 absinthites
1124 3006 1251 3061 vocatur,
1266 3009 1296 3050 nt
1310 2993 1371 3047 disi·

312 3103 325 3125 ι
341 3075 445 3129 latinis
457 3073 531 3128 feriis
547 3077 629 3138 actia,
649 3075 780 3128 sacrificio
793 3075 821 3128 in
866 3091 940 3138 ntus,
956 3076 1034 3140 XIV,
1052 3093 1096 3144 ¹9·
1108 3071 1201 3127 Hsan.

311 3167 403 3210 monte
414 3153 535 3227 perlecto
543 3193 551 3218 ,
559 3153 629 3206 rotis
641 3154 691 3206 rite
702 3156 729 3207 in
743 3156 823 3226 Capi·
910 3171 954 3208 rr.
968 3155 999 3208 lu
1011 3158 1072 3208 vino
1088 3155 1243 3222 tmngsertsr.
1258 3154 1330 3206 Vino
1340 3169 1369 3205 es

311 3237 378 3289 tolio
388 3231 558 3303 nunmpatis.
570 3257 582 3280 ι
598 3235 692 3306 Peragi
706 3251 822 3288 cousue-
865 3251 899 3286 eo
912 3233 1002 3297 lactc}
1014 3233 1088 3307 quod
1102 3236 1261 3290 absinthites
1273 3243 1367 3287 socmt

310 3331 374 3369 sere
392 3331 432 3367 eta
451 3311 529 3384 aprili
551 3328 650 3366 meuse
669 3311 822 3385 Aliquando
866 3314 969 3368 Drxac.

311 3407 338 3448 et
340 3393 423 3466 juniis
429 3389 637 3455 kalendis,teste
644 3392 730 3458 Livio,
736 3394 822 3457 XLII.
911 3412 956 3447 ra.
968 3393 1068 3446 Diditur
1081 3407 1105 3444 et
1118 3395 1251 3463 madefacti
1266 3393 1369 3445 dura.

312 3491 374 3548 pag.
391 3478 455 3536 Sto.
475 3471 512 3525 Et
529 3489 554 3524 a.
572 3469 600 3524 d.
615 3473 726 3526 tertium
739 3491 824 3527 nonas
867 3474 901 3524 Τὸ
920 3471 1203 3546 ἀπόΰριγμι-ἀψινθίω,
1216 3475 1303 3527 Diosc.
1315 3471 1368 3530 lll·

312 3549 745 3624 maii,eodemractore,lll·1,p.
758 3555 824 3606 tet.
870 3555 916 3606 so.
941 3553 1064 3608 Dilatum
1087 3554 1116 3607 in
1138 3573 1195 3626 quo
1218 3551 1369 3606 ahdathiu

312 3631 385 3686 Vide
395 3631 527 3696 XXXIV,
545 3633 591 3686 18.
603 3631 695 3684 llrnn.
869 3631 979 3686 maduit.
999 3633 1091 3686 llrru.
1109 3663 1150 3676 -
1163 3635 1310 3706 Appulus.
1324 3630 1369 3684 ur.

353 3710 630 3767 &Atucausensis
648 3710 769 3764 Potionis
779 3715 824 3774 τῆς
868 3723 896 3765 et
911 3713 958 3767 Al.
971 3713 1114 3784 appellatur.
1128 3713 1181 3766 Eu.

312 3793 338 3854 lt
351 3793 459 3862 ἀψινθίου
473 3791 691 3844 meminitVarro
703 3792 732 3844 in
740 3791 825 3856 Quin·
912 3793 958 3846 13.
971 3793 1069 3846 Percol.
1087 3793 1159 3845 teate.
1180 3792 1264 3846 Gron.
1284 3801 1309 3842 et
1329 3788 1368 3840 ΔΙ.

312 3871 474 3943 quatribus:
497 3894 509 3916 ι
524 3870 699 3923 Absinthiuns
720 3872 761 3925 uti
783 3871 824 3924 bi·
874 3897 885 3919 ι
902 3873 1002 3943 percol.
1018 3873 1101 3925 herlae
1117 3872 1213 3926 lente·
1227 3871 1278 3923 lla.

312 3951 375 4003 bam
391 3967 471 4022 grave
490 3961 518 4002 et
539 3962 703 4014 moseum,
726 3952 826 4005 levem·
913 3957 958 4015 rt.
970 3951 1022 4005 Sed
1032 3953 1072 4005 lue
1087 3951 1203 4004 «humi
1214 3950 1309 4008 nutu.
1318 3957 1365 3997 Μ·

313 4047 368 4100 que
381 4029 467 4083 robur
481 4018 492 4096 (
501 4029 622 4083 minuam
637 4031 708 4083 sires
726 4049 824 4102 corpo·
869 4029 922 4084 Sed
938 4031 982 4085 bic
997 4031 1122 4085 absinthii
1141 4030 1254 4104 expressi
1268 4041 1365 4082 metm.

311 4108 349 4163 ris
362 4097 383 4176 ),
399 4133 410 4156 ·
426 4106 498 4178 apud
511 4109 725 4164 Nonium-Dar..
869 4111 971 4165 inutilis
996 4112 1135 4166 stomacho
1161 4109 1288 4183 capitique
1311 4115 1364 4156 est:
